2812 4786
488 151 548 207 VII.
576 150 799 206 ALCIBIADES.
818 157 848 207 4.
863 156 889 209 t.
1235 150 1278 215 23

99 316 261 381 adversus
288 315 442 401 patriam,
471 314 525 378 sed
553 314 701 379 inimicos
729 336 804 379 suos
832 314 954 378 bellum
988 315 1103 399 gessit:
1134 336 1210 378 narn
1243 336 1278 378 se

100 426 178 470 curn
201 403 429 488 intellegerent
451 402 627 485 plurimum
651 402 804 486 prodesse
823 424 918 486 posse
936 403 983 467 rei
1001 404 1161 487 publicae,
1180 425 1218 466 ex
1239 425 1277 467 ea

100 492 236 558 eiecisse
263 493 401 576 plusque
428 491 495 555 irae
524 512 601 556 suae
629 513 727 573 quam
756 491 894 556 utilitati
926 492 1088 557 communi
1120 492 1276 575 paruisse.

99 580 219 666 Itaque
246 580 334 644 illius
362 579 499 645 consilio
528 579 774 645 Lacedaemonii
802 579 987 663 petentibus
1010 579 1104 663 Syra·
1134 582 1177 660 [a.
1195 580 1311 661 414]r

99 670 234 734 cusanis
267 669 385 732 auxilia
417 668 590 751 miserunt,
623 668 696 732 dein
728 667 901 733 Deceleam
933 669 967 732 in
996 668 1108 733 Attica
1137 665 1178 754 [a.
1196 669 1275 749 413]

100 759 292 824 munierunt
314 757 539 840 praesidioque
563 756 610 821 ibi
633 761 788 841 perpetuo
812 756 919 841 posito
938 756 972 820 in
991 757 1159 822 obsidione
1173 755 1277 821 Athe·

100 869 166 912 nas
189 849 372 911 tenuerunt
402 845 559 910 Eiusdem
579 867 677 928 opera
696 867 769 910 cum
787 844 883 909 Perse
902 865 978 929 rege
997 845 1174 911 amicitiam
1193 845 1275 910 fece·

99 940 182 1000 runt
205 941 237 999 et
262 933 389 999 Ioniam
413 957 433 998 a
461 934 614 999 socictate
643 937 828 999 averterunt
849 932 1108 998 Atheniensium.
1138 935 1179 1014 [a.
1193 935 1274 1014 412]

101 1023 176 1100 Quo
200 1023 286 1088 facto
310 1023 414 1087 multo
439 1022 620 1106 superiores
644 1023 729 1088 bello
753 1044 824 1087 esse
847 1026 1030 1106 coeperunt

194 1112 234 1178 V.
266 1110 379 1194 Neque
402 1132 478 1175 vero
501 1111 553 1175 his
580 1111 675 1175 rebus
699 1116 768 1176 tam
797 1111 892 1176 amici
915 1110 1076 1176 Alcibiadi
1100 1115 1176 1175 sunt
1198 1111 1277 1176 facti
1297 1125 1311 1173 1

103 1222 205 1284 quarn
227 1200 345 1265 timore
368 1200 409 1264 ab
428 1221 466 1264 eo
491 1200 631 1265 alienati.
660 1197 746 1264 Nam
766 1222 838 1265 cum
857 1198 1005 1265 acerrimi
1024 1199 1086 1264 viri
1108 1205 1277 1283 praesten-

101 1295 174 1354 tem
196 1288 402 1372 prudentiam
425 1288 460 1353 in
484 1289 634 1354 omnibus
657 1289 753 1353 rebus
777 1293 1016 1372 cognoscerent,
1038 1288 1278 1371 pertimuerunt

99 1398 143 1441 ne
164 1379 298 1442 caritate
317 1377 441 1460 patriae
456 1376 571 1441 ductus
593 1377 767 1461 aliquando
786 1378 827 1442 ab
845 1377 926 1461 ipsis
944 1377 1135 1442 descisceret
1152 1381 1186 1441 et
1203 1398 1276 1441 cum

101 1466 172 1530 suis
196 1466 230 1529 in
252 1466 392 1550 gratiam
416 1466 543 1530 rediret
575 1464 689 1549 Itaque
707 1469 836 1550 tempus
856 1465 925 1531 eius
944 1465 1162 1530 interficiundi
1181 1487 1275 1550 quae·

99 1576 175 1618 rere
212 1553 431 1618 instituerunt
477 1552 515 1617 Id
548 1554 733 1618 Alcibiades
766 1555 887 1619 diutius
924 1554 1022 1619 celari
1057 1576 1123 1620 non
1155 1554 1310 1637 potuit22

100 1647 175 1708 erat
197 1643 283 1706 enim
307 1664 344 1707 ea
368 1643 556 1726 sagacitate,
579 1645 616 1706 ut
634 1642 738 1725 decipi
760 1665 827 1708 non
845 1648 965 1726 posset,
987 1643 1178 1727 praesertim
1201 1664 1275 1707 curn

99 1731 248 1795 animum
275 1731 467 1795 attendisset
494 1732 534 1795 ad
562 1731 748 1796 cavendum.
792 1728 908 1814 Itaque
941 1730 981 1793 ad
1013 1729 1275 1814 Tissaphernem,

98 1819 302 1902 praefectum
324 1819 411 1903 regis
430 1816 578 1906 Dariiss),
602 1842 635 1883 se
659 1819 805 1884 contulit
836 1819 900 1895 Qui
923 1841 995 1883 cum
1015 1819 1274 1904 Atheniensium,
1294 1837 1309 1885 a

97 1908 187 1973 male
211 1909 313 1994 gestis
337 1909 371 1972 in
395 1907 507 1973 Sicilia
530 1906 682 1992 rebeum),
705 1930 783 1991 opes
807 1929 980 1990 senescere,
1003 1907 1275 1973 Lacedaemonio-

97 2019 176 2061 rum
203 2017 261 2062 suo
290 1996 409 2062 auxilio
438 2018 580 2062 crescere
607 1997 743 2080 videret,
770 1996 867 2061 facile
895 1998 936 2061 ab
959 1996 1130 2062 Alcibiade
1154 2018 1191 2061 eo
1222 1996 1274 2060 ad·

98 2085 217 2149 ductus
240 2090 299 2168 est,
321 2091 358 2151 ut
376 2086 500 2149 neutris
520 2085 632 2150 favens
655 2085 730 2151 illos
753 2085 838 2150 inter
856 2107 890 2150 se
910 2090 1076 2151 conterere
1099 2089 1273 2169 pateretur.

99 2172 175 2250 Quo
202 2174 288 2239 facto
317 2174 502 2239 Alcibiades
530 2174 623 2239 initio
653 2196 726 2239 cum
749 2174 922 2260 Pisandro,
949 2175 1004 2259 qui
1033 2174 1118 2258 apud
1142 2172 1274 2238 Samum

97 2262 135 2326 in
160 2263 302 2327 exercitu
326 2267 409 2346 erat,
432 2284 490 2346 per
513 2263 729 2328 internuntios
753 2263 947 2347 colloquitur
970 2263 1063 2327 etde
1086 2261 1191 2325 reditu
1216 2283 1273 2326 suo

95 2349 180 2416 facit
211 2351 417 2416 mentionem.
462 2350 545 2415 Erat
573 2351 659 2415 enim
690 2351 718 2415 is
747 2351 859 2415 eodem
891 2373 954 2436 quo
987 2354 1057 2414 tum
1086 2349 1273 2415 Alcibiades

98 2461 209 2523 sensu,
231 2440 344 2524 populi
368 2441 533 2522 potentiae
552 2461 619 2504 non
641 2439 763 2504 amicus
783 2443 815 2503 et
838 2440 1045 2523 optimatium
1068 2438 1186 2502 fautor.
1218 2437 1272 2501 Ab
1292 2452 1309 2502 4

97 2527 163 2593 hoe
182 2527 356 2593 destitutus
364 2525 403 2616 18)
422 2529 561 2612 primurn
581 2550 640 2611 per
653 2527 902 2612 Thrasybulum,
915 2527 994 2609 Lyci
1012 2527 1124 2610 filium,
1144 2526 1271 2608 [1411]

98 2617 142 2680 ab
163 2616 303 2681 exercitu
321 2617 475 2700 recipitur
493 2621 688 2701 praetorque
706 2616 744 2680 fit
760 2617 845 2700 apud
859 2614 1002 2700 Samum,
1020 2612 1140 2700 postu)
1160 2615 1272 2679 suffra·

97 2709 201 2788 ganta
220 2704 422 2771 Theramene
439 2706 553 2790 populi
572 2706 654 2771 scito
673 2705 855 2769 restituitur
873 2704 1007 2789 parique
1014 2701 1053 2789 15)
1079 2706 1194 2769 absens
1214 2705 1272 2769 im·

95 2793 191 2877 perio
215 2794 398 2877 praeficitur
422 2795 517 2858 simul
541 2816 614 2859 cum
638 2792 843 2878 Thrasybulo
870 2797 903 2857 et
925 2792 1109 2877 Thrasyllo.
1144 2790 1307 2858 Horume

94 2883 133 2945 in
152 2881 289 2966 imperio
308 2886 400 2947 tanta
419 2883 630 2948 commutatio
649 2904 757 2947 rerum
775 2882 863 2948 facta
882 2888 940 2967 est,
963 2886 1000 2946 ut
1018 2881 1273 2961 Lacedaemonii,

137 3108 175 3177 ¹¹)
191 3109 292 3193 Darius
309 3108 421 3191 Nothus
440 3112 589 3192 tte-405.
716 3108 836 3191 einiger.
860 3108 918 3162 Aul
928 3109 1024 3191 'Aleia
1040 3110 1126 3189 nahm
1145 3125 1175 3161 er
1193 3107 1274 3162 nieht

137 3178 661 3321 11111111111111111
715 3177 1276 3317 tererestereres

95 3321 269 3390 verlaugten
301 3321 342 3376 als
378 3320 547 3390 Bedingung
585 3321 660 3375 eines
715 3321 769 3375 den
806 3322 863 3374 Rat
898 3321 947 3374 des
984 3320 1174 3389 Thrasybulos
1215 3321 1274 3374 und

96 3389 236 3460 Vertregs
269 3391 407 3446 zwischen
435 3393 488 3446 den
516 3392 661 3446 Athenern
715 3392 887 3459 Thrasyllus,
902 3407 937 3445 an
952 3390 1001 3444 der
1012 3390 1192 3445 Demokratie
1205 3391 1274 3447 fest·

96 3463 158 3516 und
176 3461 294 3517 Pereern
314 3462 359 3516 die
378 3463 559 3532 Heratellung
583 3461 659 3516 einer
713 3462 853 3522 zuhalten
873 3462 994 3515 erkltrte
1009 3460 1069 3515 sich
1085 3462 1131 3515 1111
1145 3462 1194 3516 das
1210 3479 1272 3518 sou-

96 3532 322 3602 oligarchiechen
332 3533 505 3604 Verfassung
518 3533 549 3586 in
561 3531 657 3586 Athen
711 3536 814 3589 rertne
826 3531 902 3586 Volk
920 3532 977 3585 und
990 3533 1094 3586 wthlte
1108 3532 1270 3589 Alcibiades

96 3603 159 3658 und
182 3603 227 3659 die
247 3604 496 3673 Zurfickherulung
514 3605 563 3658 des
581 3603 656 3657 Alci·
710 3605 786 3659 samt
808 3602 996 3672 Thrasybulus
1021 3606 1079 3658 und
1110 3604 1273 3673 Thrasyllus

97 3673 207 3730 biades.
242 3674 377 3730 Pisander
408 3674 478 3744 ging
505 3693 549 3728 am
578 3674 657 3728 Ende
712 3694 746 3730 au
765 3675 923 3743 Strategen.

96 3745 149 3799 des
176 3745 276 3800 Jahres
297 3751 350 3800 412
378 3747 452 3800 nach
478 3746 573 3800 Athen
600 3745 657 3799 und
750 3781 772 3812 ,4

98 3814 198 3870 stellte
216 3817 280 3871 dort
299 3816 434 3882 wirklich,
454 3815 549 3870 indam
566 3833 595 3870 er
610 3817 660 3871 auf

98 3886 150 3940 das
183 3887 325 3956 persische
356 3887 482 3940 Bflndnis
514 3886 658 3956 Hoffnung

97 3956 225 4027 machte,
258 3959 320 4013 eine
352 3957 558 4028 oligarchische
590 3959 657 4013 Ver-

96 4027 215 4098 lassung
240 4031 314 4098 (411)
338 4028 395 4084 her.
432 4030 513 4084 Danu
537 4028 605 4100 ging
629 4047 659 4084 er
752 4031 784 4099 ¹⁵)
817 4029 850 4084 D.
869 4030 896 4083 h.
921 4045 950 4083 es
976 4028 1069 4084 wurde
1096 4029 1149 4081 den
1175 4025 1271 4082 dreicn

96 4099 173 4153 noch
213 4099 317 4156 einmal
353 4099 395 4154 als
432 4099 587 4155 Gesandter
626 4118 659 4153 zu
712 4101 835 4156 dieselhe
868 4099 972 4154 Wi'irde
998 4117 1063 4155 rom
1090 4097 1181 4152 Volke
1210 4115 1270 4152 ver-

98 4169 180 4224 Tissa
201 4171 310 4241 hernes,
329 4188 377 4226 um
396 4171 450 4225 den
469 4170 592 4239 Vertrag
611 4173 659 4225 ab·
713 4172 816 4238 lichen,
835 4188 869 4223 zu
885 4172 935 4225 der
952 4170 991 4224 sie
1011 4169 1113 4224 hereits
1133 4168 1182 4222 das
1196 4169 1271 4223 Heer

96 4188 293 4311 ruechlielsen,
314 4243 419 4296 konnte
434 4241 492 4295 sich
507 4240 576 4296 aher
592 4242 660 4295 tiber
713 4242 829 4296 berulen
862 4243 952 4296 hatte.
990 4241 1036 4295 ste
1068 4240 1182 4294 wurden
1209 4240 1270 4295 also

96 4310 144 4366 die
171 4311 376 4384 Bedingungen
409 4311 462 4366 mit
494 4313 552 4366 ihm
579 4311 659 4367 nicht
713 4311 849 4383 lediglicb
867 4331 931 4368 vom
950 4311 1041 4367 Volke
1061 4309 1205 4381 bestatigt.

774 3788 782 3847 )
800 3781 834 3834 In
846 3779 1006 3835 demselhen
1015 3781 1109 3847 Jahre,
1120 3784 1188 3837 aber
1197 3783 1269 3836 nach

712 3853 775 3906 dem
796 3852 892 3905 Sturze
911 3852 959 3905 des
979 3851 1204 3922 oligsrchischcn
1217 3851 1271 3905 Ite-

712 3922 834 3994 giments
852 3922 882 3976 in
899 3921 1002 3978 Athen.
