2812 4786
423 488 722 562 PRAEFATIO
756 487 1007 561 EDITORIS

478 626 528 680 An
548 623 753 678 carrionem
773 623 960 690 cusanam.
1043 613 1046 617 ’

222 883 312 959 Quae
334 877 473 963 Nepotis
499 877 633 942 nomine
663 876 703 942 ad
730 898 789 941 nos
812 879 1028 959 pervenerunt
1050 876 1149 960 vitae,
1173 896 1228 940 eae
1251 875 1302 939 vel

131 994 268 1075 propter
299 1007 405 1051 rerum
438 983 599 1048 delectum
633 986 665 1047 et
695 982 863 1066 scriptoris
891 982 1058 1067 ingenium
1089 982 1140 1046 vel
1172 985 1304 1066 propter

133 1097 317 1162 universam
359 1091 426 1156 stili
467 1091 688 1175 orationisque
730 1089 1019 1155 conformationem
1062 1089 1166 1154 adhuc
1204 1088 1304 1173 vulgo

132 1202 341 1287 dignissimae
364 1197 539 1281 habentur,
567 1218 647 1281 quas
672 1196 915 1280 gymnasiorum
945 1200 1130 1261 nostrorum
1154 1195 1304 1280 quartani

13 1361 15 1365 Α
132 1311 252 1394 legant.
296 1305 411 1389 ltaque
435 1303 581 1385 quamvis
605 1302 708 1366 multa
726 1303 762 1366 in
785 1303 831 1367 eis
853 1303 960 1366 inesse
984 1306 1118 1386 constet,
1142 1323 1224 1386 quae
1248 1311 1305 1366 aut

131 1415 291 1480 historica
322 1411 385 1474 fide
414 1413 546 1474 careant
572 1409 695 1473 falsove
722 1409 894 1474 tradantur
922 1413 978 1475 aut
1004 1410 1111 1474 minus
1140 1410 1305 1493 eleganter
1383 1413 1392 1427 ‘

133 1522 340 1607 proferantur
364 1520 490 1581 etcum
509 1518 796 1600 grammaticorum
815 1518 996 1601 praeceptis
1017 1521 1172 1601 pugnent,
1195 1522 1305 1580 tamen
1371 1577 1373 1580 ,

131 1629 314 1691 retinentur
331 1624 409 1688 illae
426 1623 462 1686 in
480 1622 600 1687 scholis
620 1628 651 1686 et
668 1623 879 1707 posthabitae
897 1644 1128 1706 nonnunquam
1146 1622 1305 1686 tirociniis

133 1731 348 1796 recentiorum
379 1751 477 1793 manu
509 1729 665 1793 confectis
698 1751 799 1813 usque
831 1731 1030 1812 repetuntur.
1078 1727 1185 1792 Imbui
1218 1727 1304 1792 enim

133 1839 179 1902 eis
209 1836 355 1922 quamvis
387 1835 565 1920 inquinatis
598 1857 714 1919 pueros
744 1839 875 1900 nostros
903 1858 998 1920 quam
1033 1836 1166 1900 omnino
1195 1856 1305 1899 earum

132 1946 264 2029 ignaros
296 1963 426 2008 manere
458 1943 628 2006 malumus.
676 1941 908 2007 Verumtamen
940 1943 1002 2008 hoc
1035 1965 1129 2028 aegre
1162 1942 1305 2024 ferimus,

41 2105 44 2109 ,
131 2051 227 2135 quod,
242 2050 297 2135 qui
311 2049 433 2134 integri
452 2049 577 2114 ardenti
597 2049 664 2113 fere
683 2049 790 2114 studio
810 2049 850 2114 ad
864 2050 948 2114 hanc
962 2050 1133 2115 lectionem
1149 2049 1305 2114 accedunt

131 2156 291 2240 discipuli,
313 2156 433 2220 iterum
452 2159 549 2239 atque
569 2156 697 2240 saepius
722 2156 874 2221 monendi
892 2159 978 2240 sunt,
996 2156 1073 2240 quid
1092 2155 1198 2219 minus
1222 2176 1305 2238 vere,

132 2264 239 2327 minus
263 2263 434 2340 subtiliter,
457 2263 563 2326 minus
588 2263 755 2347 eleganter
781 2262 865 2346 apud
888 2260 1049 2345 Nepotem
1073 2261 1228 2343 scriptum
1253 2261 1305 2325 sit.

132 2369 224 2444 Quod
255 2370 283 2433 si
309 2373 495 2433 tenerorum
524 2369 705 2434 animorum
733 2368 925 2434 verecundia
954 2389 1022 2432 non
1046 2365 1162 2449 facias,
1189 2389 1229 2430 ne
1255 2367 1305 2431 illi

134 2477 175 2539 ad
205 2475 467 2558 intempestivam
495 2476 658 2560 quandam
685 2475 795 2538 iudicii
819 2473 1034 2538 subtilitatem
1062 2474 1239 2538 excitentur
1260 2509 1303 2520 -

136 2584 226 2645 totos
261 2580 347 2645 enim
378 2603 495 2665 pueros
528 2603 561 2646 se
594 2581 669 2645 dare
703 2581 834 2646 lectioni
867 2584 900 2645 et
931 2581 1092 2646 mentibus
1127 2581 1306 2665 animisque

135 2688 287 2771 amplecti
309 2687 501 2771 scriptorem
524 2689 687 2773 volumus,
710 2687 862 2752 utillum
886 2687 1064 2770 suspiciant
1081 2708 1140 2751 nec
1163 2686 1248 2752 infra
1271 2710 1304 2752 se

134 2794 277 2876 positum
301 2795 499 2859 arbitrentur
524 2832 561 2842 -
588 2799 667 2880 quot
688 2794 772 2860 falsa
796 2794 974 2877 addiscunt,
1000 2816 1082 2878 quae
1105 2795 1237 2859 difficile
1261 2796 1305 2860 sit

134 2902 250 2981 postea
273 2901 324 2964 vel
343 2901 574 2985 grammaticae
597 2902 648 2966 vel
667 2901 823 2967 historiae
847 2901 1012 2986 magistris
1037 2901 1226 2966 oblitterare
1249 2905 1306 2965 aut

134 3007 309 3090 corrigere!
340 3006 424 3083 ‘Quo
448 3009 545 3072 simul
565 3013 614 3072 est
636 3009 762 3073 imbuta
780 3030 890 3072 recens
910 3009 1052 3072 servabit
1072 3007 1201 3072 odorem
1221 3011 1306 3072 testa

134 3112 209 3178 diu'
255 3113 409 3198 Magnam
441 3115 542 3200 igitur
574 3116 730 3198 temporis
762 3115 921 3180 iacturam
957 3136 1023 3178 non
1055 3113 1247 3197 faceremus,
1278 3117 1306 3179 si

134 3219 200 3282 iam
231 3220 305 3284 inde
338 3222 379 3286 ab
411 3222 507 3286 initio
539 3244 617 3286 vera
649 3222 739 3305 pueri
772 3221 969 3285 didicissent.
1015 3218 1121 3294 Quid?
1153 3221 1305 3286 devorare

137 3322 298 3407 Nepotem
317 3327 524 3393 librariorum
547 3329 733 3392 temeritate
756 3327 959 3410 inquinatum
984 3326 1039 3410 qui
1062 3327 1190 3392 malunt
1208 3350 1304 3412 quam

135 3431 232 3513 paulo
256 3434 409 3498 audacius
432 3434 630 3518 perpolitum
653 3433 874 3517 interpretari,
902 3455 1009 3498 nonne
1033 3437 1066 3498 et
1089 3457 1180 3498 suam
1204 3439 1237 3498 et
1259 3435 1305 3498 di·

135 3536 332 3620 scipulorum
357 3540 444 3604 alere
467 3540 618 3606 videntur
641 3541 845 3605 socordiam?

224 3644 284 3709 His
316 3646 383 3710 fere
411 3647 591 3711 rationibus
628 3669 731 3731 nuper
764 3651 946 3711 commotus
980 3647 1106 3732 collega
1143 3668 1233 3710 meus
1266 3645 1306 3710 ad

135 3751 329 3815 coenobium
348 3751 485 3817 Sanctae
503 3751 661 3836 Virginis,
681 3753 765 3837 quod
789 3757 839 3818 est
862 3752 948 3837 apud
967 3752 1306 3837 Parthenopolitanos,

134 3856 190 3940 qui
211 3879 298 3922 nunc
321 3860 524 3943 gymnasium
544 3860 629 3945 regit
648 3860 850 3941 Giessanum,
869 3858 969 3923 Andr.
985 3859 1145 3943 Weidner,
1168 3857 1305 3942 Nepotis

134 3963 220 4028 vitas
244 3965 291 4027 ita
315 3965 474 4050 perpolire
503 3986 678 4051 aggressus
702 3970 765 4049 est,
788 3970 825 4030 ut
846 3965 911 4048 illi,
935 3965 1020 4050 quod
1044 3966 1195 4046 diximus,
1218 3967 1305 4030 malo

136 4071 326 4135 mederetur.
363 4070 467 4146 Quam
491 4072 714 4136 subactionem
732 4072 864 4136 volebat
886 4072 992 4156 magis
1012 4071 1192 4135 scholarum
1210 4093 1304 4135 usum

135 4197 233 4259 quam
256 4177 413 4242 librorum
439 4201 537 4243 manu
561 4180 755 4263 scriptorum
778 4180 874 4244 fidem
900 4179 1000 4263 sequi,
1017 4177 1209 4263 praesertim
1233 4200 1304 4243 cum
