2812 4786
526 185 689 241 ATTIOUS.
714 191 836 240 1a-1a.
1169 206 1173 213 ·
1224 181 1267 246 93

96 352 182 436 quod
214 355 379 436 praestare
411 372 476 415 non
507 353 649 433 possent.
694 347 784 411 Idem
816 347 851 410 in
882 346 1016 429 tuendo,
1048 345 1134 430 quod
1168 346 1304 411 semela

96 441 276 525 adnuisset,
304 442 398 504 tanta
421 443 492 504 erat
514 460 605 519 cura,
629 440 665 501 ut
686 458 751 501 non
777 435 978 517 mandatam,
1006 434 1061 498 sed
1085 456 1176 498 suam
1200 456 1269 498 rem

96 529 260 594 videretur
286 549 394 613 agere.
437 525 626 611 Numquam
653 524 794 607 suscepti
826 523 949 607 negotii
984 545 1056 587 eum
1083 526 1268 607 pertaesum

98 623 161 682 est:
185 640 276 682 suam
294 618 380 682 enim
405 615 678 680 existimationem
697 613 730 677 in
755 633 793 677 ea
810 634 845 676 re
865 613 920 694 agi
938 612 1086 695 putabat,
1105 634 1170 695 qua
1186 611 1270 676 nihil

96 706 239 770 hahebat
262 706 378 770 carius.
414 702 485 779 Quo
503 703 605 768 fiebat
622 706 661 766 ut
679 701 788 766 omnia
806 699 1007 780 Ciceronum,
1021 699 1064 765 M.
1079 697 1270 785 calonne),
1288 714 1304 760 3

98 794 134 869 Q.
157 793 342 877 Hortensii,
369 791 409 856 A.
432 792 602 876 Torquati,
634 790 812 855 multorum
839 793 1006 872 praeterea
1034 789 1178 872 equitum
1205 788 1269 854 Ito·

98 905 267 947 manorum
299 882 433 964 negotia
461 882 659 965 procuraret.
702 877 754 942 Ex
782 899 846 962 quo
873 877 1010 941 iudicari
1041 881 1171 961 poterat
1203 899 1270 941 non

97 972 215 1034 inertia
238 992 321 1051 eum,
345 969 400 1033 sed
423 969 544 1034 iudicio
567 968 692 1052 fugisse
714 967 761 1031 rei
783 966 933 1049 publicae
955 967 1225 1049 procurationem.

186 1057 274 1123 XVI.
296 1055 519 1122 Humanitatis
538 1078 614 1121 vero
633 1056 758 1120 nullum
778 1054 904 1119 adferre
923 1055 1026 1119 maius
1046 1055 1270 1119 testimonium
1291 1068 1305 1113 1

99 1168 246 1230 possum,
275 1168 373 1230 quam
401 1146 486 1230 quod
515 1145 702 1209 adulescens
728 1143 814 1207 idem
843 1143 912 1207 seni
936 1141 1045 1207 Sullae
1075 1142 1139 1206 fuit
1160 1142 1270 1207 iucun-

98 1235 263 1314 dissimus,
291 1247 389 1299 senex
416 1235 615 1299 adulescenti
637 1232 681 1297 M.
705 1231 822 1314 Bruto,
852 1253 926 1296 curn
950 1232 1137 1316 aequalibus
1161 1235 1270 1296 autem

100 1324 167 1387 suis
192 1322 228 1398 Q.
242 1323 418 1388 Hortensio
442 1326 475 1386 et
492 1321 536 1386 M.
551 1320 706 1387 Cicerone
730 1321 776 1385 sic
799 1321 893 1401 vixit,
916 1325 954 1384 ut
976 1321 1116 1385 iudicare
1140 1320 1271 1384 difficile

97 1411 155 1494 sit,
183 1412 235 1476 cui
263 1413 365 1477 aetati
392 1412 489 1477 fuerit
524 1411 722 1495 aptissimus.
767 1408 970 1493 Quamquam
999 1431 1073 1474 eum
1100 1409 1306 1493 praecipuae

97 1500 211 1564 dilexit
238 1497 365 1581 Cicero,
397 1504 434 1564 ut
465 1521 506 1563 ne
536 1499 639 1563 frater
667 1497 796 1581 quidem
825 1498 856 1561 ei
884 1496 1022 1572 Quintus
1051 1498 1156 1563 carior
1184 1502 1272 1563 esset

98 1592 156 1650 aut
189 1588 390 1652 familiarior.
436 1587 477 1650 Eli
510 1586 558 1649 rei
589 1589 664 1650 sunt
695 1585 814 1649 indicio
842 1590 971 1669 praeter
1003 1607 1057 1650 eos
1085 1586 1203 1665 libros,
1236 1588 1306 1650 in3

98 1676 216 1758 quibus
245 1676 283 1739 de
308 1696 345 1739 eo
369 1674 449 1740 facit
476 1674 688 1756 mentionem,
720 1673 832 1756 quiin
856 1674 972 1758 vulgus
996 1679 1072 1737 sunt
1095 1674 1186 1758 editi,
1214 1696 1272 1738 un-

99 1760 247 1850 decim47)
276 1764 442 1828 volumina
469 1763 696 1847 epistularum,
728 1762 770 1825 ab
799 1762 969 1826 consulatu
998 1761 1067 1826 eius
1100 1783 1203 1846 usque
1232 1762 1273 1827 ad

99 1854 279 1916 extremum
302 1856 432 1936 tempus
455 1852 496 1916 ad
516 1852 664 1916 Atticum
687 1851 876 1915 missarum:
899 1872 981 1934 quae
1005 1851 1061 1934 qui
1084 1851 1181 1935 legat,
1205 1873 1272 1914 non

99 1942 238 2004 multum
258 1939 418 2005 desideret
441 1945 627 2005 contextam
645 1939 777 2004 illorum
799 1943 983 2023 temporum
1001 1939 1182 2004 historiam.
1220 1938 1272 2004 Sic
1291 1951 1308 1998 4

100 2029 187 2092 enim
210 2029 320 2094 omnia
347 2029 386 2093 de
410 2028 525 2094 studiis
548 2028 746 2112 principum,
768 2027 857 2093 vitiis
881 2028 1013 2108 ducum,
1036 2028 1273 2093 mutationibus

100 2118 320 2201 reipublicae
347 2119 528 2201 perscripta
556 2121 645 2201 sunt,
672 2123 709 2181 ut
730 2117 814 2181 nihil
842 2117 876 2181 in
906 2117 946 2181 iis
969 2138 1036 2181 non
1061 2121 1217 2200 appareat
1240 2120 1274 2182 et

9 2280 13 2286 ,
98 2204 193 2270 facile
222 2206 401 2270 existimari
428 2206 533 2289 possit
558 2206 764 2289 prudentiam
797 2207 937 2290 quodam
967 2206 1062 2269 modo
1095 2227 1165 2270 esse
1194 2206 1272 2270 divi-

99 2295 274 2359 nationem.
310 2294 386 2359 Non
405 2296 491 2358 enim
506 2291 617 2358 Cicero
638 2315 676 2358 ea
695 2294 808 2377 solum,
829 2315 911 2377 quae
929 2294 1003 2357 vivo
1024 2315 1058 2357 sc
1077 2293 1274 2376 acciderunt,

98 2383 208 2445 futura
240 2381 413 2464 praedixit,
447 2382 502 2446 sed
535 2383 634 2446 etiam
667 2403 748 2465 quae
781 2402 867 2446 nunc
899 2403 958 2445 usu
991 2381 1126 2445 veniunt
1158 2382 1274 2446 cecinit

99 2472 137 2531 ut
158 2473 258 2533 vates.

189 2556 295 2621 XVII.
323 2557 373 2621 De
395 2557 518 2640 pietate
541 2563 648 2622 autem
668 2557 770 2622 Attici
789 2557 865 2641 quid
884 2558 979 2641 plura
1002 2559 1275 2623 commemorem?
1295 2568 1308 2616 1

101 2667 173 2708 cum
197 2646 259 2710 hcc
282 2647 318 2710 in
340 2645 452 2709 funere
476 2646 590 2710 matris
614 2667 700 2730 suae,
719 2668 816 2730 quam
837 2647 953 2710 extulit
976 2667 1135 2711 annorum
1160 2649 1201 2727 [a.
1215 2647 1272 2727 42]

101 2735 291 2819 nonaginta,
310 2733 473 2816 cumipse
493 2737 579 2798 esset
597 2738 720 2817 septem
739 2738 772 2798 et
791 2735 972 2818 sexaginta,
985 2756 1060 2799 vere
1079 2736 1275 2818 gloriantem

103 2822 274 2907 audierim,
304 2844 337 2886 se
361 2844 537 2906 numquam
565 2844 637 2887 cum
665 2826 770 2887 matre
797 2824 833 2887 in
855 2823 995 2906 gratiam
1018 2824 1157 2907 redisse,
1183 2846 1274 2888 num·

102 2932 198 2992 quam
221 2934 294 2976 cum
324 2932 435 2976 sorore
464 2910 566 2976 fuisse
588 2912 623 2975 in
650 2911 828 2976 simultate.
873 2910 966 2987 Quod
990 2915 1040 2976 est
1067 2913 1196 2997 signum
1220 2917 1311 2978 aute

101 2998 225 3063 nullam
248 3021 403 3085 umquam
422 2998 508 3064 inter
530 3021 585 3064 eos
609 3000 845 3083 querimoniam
863 3000 1095 3083 intercessisse,
1117 3006 1173 3065 aut
1191 3001 1277 3067 hunc

102 3108 140 3150 ea
162 3089 262 3151 fuisse
291 3089 324 3151 in
349 3109 424 3151 suos
452 3089 668 3172 indulgentia,
691 3091 741 3168 ut,
770 3110 850 3170 quos
874 3109 982 3151 amare
1006 3087 1151 3169 deberet,
1178 3090 1277 3154 irasci

101 3175 141 3236 iis
165 3173 255 3237 nefas
283 3175 423 3237 duceret.
468 3173 581 3256 Neque
609 3175 642 3237 id
672 3174 750 3237 fecit
777 3178 895 3237 natura
923 3175 1041 3253 solum,
1072 3177 1123 3238 cui
1148 3177 1311 3259 quideme

103 3282 215 3325 omnes
246 3281 412 3345 paremus,
444 3261 500 3324 sed
533 3262 631 3325 etiam
660 3260 820 3326 doctrina:
852 3282 929 3324 nam
959 3262 1142 3346 principum
1170 3263 1276 3347 philo-

103 3349 281 3433 sophorum
313 3350 361 3412 ita
390 3354 542 3432 percepta
575 3349 693 3413 habuit
728 3352 917 3433 praecepta,
953 3353 991 3414 ut
1021 3351 1062 3415 iis
1094 3351 1135 3415 ad
1173 3352 1274 3416 vitam

103 3438 272 3522 agendam,
295 3459 360 3501 non
385 3436 426 3501 ad
450 3437 701 3502 ostentationem
725 3439 879 3501 uteretur.

190 3524 311 3590 XVIII.
347 3524 448 3590 Moris
472 3525 570 3590 etiam
593 3527 751 3590 maiorum
771 3547 916 3590 summus
939 3526 1086 3593 imitator
1107 3527 1172 3592 fuit
1194 3529 1309 3593 anti-1

104 3615 301 3699 quitatisque
320 3618 459 3679 amator:
488 3636 584 3698 quam
604 3614 682 3678 adeo
704 3614 878 3699 diligenter
895 3613 1012 3679 habuit
1037 3619 1217 3701 cognitam,
1239 3622 1278 3681 ut

104 3725 174 3766 eam
186 3706 290 3767 totam
304 3703 339 3766 in
354 3725 391 3766 eo
404 3702 568 3768 volumine
583 3703 777 3786 exposuerit,
787 3725 850 3787 quo
865 3704 1078 3789 magistratus
1094 3703 1277 3791 ornavit⁴⁸).

140 3840 175 3909 46)
195 3840 252 3893 Der
267 3839 326 3893 sich
340 3841 379 3893 im
392 3840 522 3894 Jahrerc
537 3839 566 3894 in
580 3838 663 3895 Utica
717 3839 767 3895 des
794 3840 920 3910 Atticus,
952 3841 1015 3897 eine
1043 3839 1166 3896 Chronilr
1191 3843 1277 3897 Roma

102 3914 200 3965 tbtete.
512 3946 513 3949 =
718 3912 786 3982 (agl.
805 3911 862 3967 Cic.
881 3914 958 3968 Brut.
979 3918 995 3978 ξ
1014 3917 1046 3965 11
1062 3912 1127 4035 flgq.
1164 3911 1200 3966 Es
1220 3930 1279 3967 war

140 4016 664 4086 ⁴⁷)1ndarunsjeq„,orliegenden
718 3980 778 4036 dies
801 3982 881 4037 nicht
903 3989 965 4038 eine
991 3980 1081 4037 blolse
1125 3982 1278 4054 ufaahlung

104 4087 261 4142 Redaktion
276 4085 339 4140 sind
357 4104 386 4141 es
402 4093 435 4142 16
450 4088 571 4152 Bfieher3
592 4088 664 4141 anch
717 4053 775 4106 und
793 4052 914 4123 ri⁰hiig⁰
928 4053 1102 4122 Amrdmmg
1115 4052 1165 4107 der
1178 4054 1278 4108 ΒΜ

104 4156 229 4211 datiercn
250 4159 289 4212 sie
307 4159 386 4212 nicht
405 4159 463 4212 eret
479 4175 535 4212 von
554 4156 665 4213 OIceros
718 4122 1116 4264 ffinrssiffin'ggffileffiffl
1128 4123 1279 4250 inlpeerqpqq

106 4228 249 4296 Konsulat,
264 4229 604 4284 sondemvomJahrecs
619 4245 664 4283 an.
718 4263 889 4320 Ebrenhffle
921 4267 970 4319 der
997 4264 1144 4322 Nobiliffl,
1194 4264 1279 4320 ,enen

144 4333 179 4403 ⁴⁸)
198 4333 328 4389 Gemeint
345 4335 384 4389 ist
401 4336 451 4390 der
468 4336 540 4390 liber
554 4334 664 4391 annalis
717 4336 813 4390 wdrda
832 4336 975 4390 ordinavit
993 4336 1142 4391 anderten.
