2812 4786
183 151 224 219 18
448 151 481 208 V.
505 150 630 207 elnon
654 157 680 206 3.
695 156 719 206 4.
759 150 806 205 Vl.
829 148 1035 204 LYSANDER.
1061 157 1084 204 1.

147 333 164 381 a
183 320 294 381 cutum
308 319 367 383 est.
394 314 508 398 Itaque
527 317 603 398 post
621 335 742 377 annum
757 313 915 397 quintum,
933 333 1031 396 quam
1050 312 1204 396 expulsus
1226 313 1358 395 [1458]

182 408 268 489 erat,
295 404 330 467 in
357 403 497 487 patriam
525 406 694 467 revocatus
719 405 778 465 111.
823 399 884 477 Qui
908 400 994 484 quod
1022 400 1166 485 hospitio
1196 398 1357 466 Lacedae·

182 495 365 558 monioram
384 491 548 574 utebatur,
567 492 670 555 satius
690 490 879 555 existimans
898 490 1080 555 coniunctis
1099 489 1222 553 viribus
1236 488 1357 556 Persas

182 581 269 646 bello
301 580 450 664 persequi
483 602 580 664 quam
613 580 699 645 inter
727 600 761 643 se
789 576 931 644 Graecos
962 577 1169 661 contendere,
1197 577 1357 644 Lacedae

182 691 312 734 monem
335 669 499 751 profectus
527 669 599 752 paci
621 669 708 733 inter
731 667 811 732 duas
840 668 1084 751 potentissimas
1108 667 1258 730 civitates
1285 689 1356 732 con·

182 758 339 822 ciliandae
364 756 497 839 studuit,
520 778 621 841 eaque
646 760 721 840 post
743 777 810 820 non
832 755 880 820 ita
902 755 1006 820 multo
1030 754 1188 819 convenit.
1217 757 1261 835 [a.
1277 756 1355 839 451]

146 861 164 910 4
182 845 305 910 Deinde
321 844 463 930 Cyprum
478 867 551 910 cum
570 845 716 910 ducentis
731 844 868 909 navibus
885 845 1060 925 imperator
1074 844 1202 927 missus,
1223 845 1355 927 [1449]

183 957 256 999 eum
280 936 438 999 maiorem
461 939 589 1018 partem
607 934 730 998 insulae
750 932 929 1016 devicisset,
952 932 987 996 in
1006 933 1155 997 morbum
1174 932 1354 1016 implicitus

181 1024 216 1086 in
240 1023 358 1107 oppido
382 1020 467 1092 Oitio
491 1022 710 1107 oppugnando
734 1025 785 1086 est
807 1024 962 1086 mortuus.

148 1127 163 1175 1
271 1111 327 1176 IV.
365 1111 583 1176 Athenienses
606 1110 700 1175 illum
722 1132 788 1174 non
811 1110 915 1174 solum
941 1110 975 1172 in
999 1110 1094 1193 bello,
1118 1109 1172 1172 sed
1196 1109 1299 1173 etiam
1323 1111 1354 1174 in

181 1222 260 1284 11111
293 1201 348 1265 diu
381 1200 651 1267 desideraverunt.
696 1197 773 1263 Fuit
805 1198 891 1261 enim
923 1201 1017 1261 tanta
1043 1197 1254 1281 liberalitate,
1285 1220 1352 1263 cum

182 1289 402 1373 compluribus
425 1287 505 1352 locis
529 1286 662 1370 praedia
682 1286 861 1371 hortosque
884 1285 1032 1369 haberet,
1054 1290 1092 1350 ut
1117 1308 1300 1370 numquam
1323 1288 1354 1351 in

181 1377 221 1441 iis
246 1377 411 1441 custodem
434 1378 583 1459 poneret,
609 1397 649 1440 11
674 1375 789 1459 quibus
814 1375 949 1459 quisque
972 1375 1071 1440 vellet
1098 1375 1194 1439 rebus
1219 1375 1354 1459 impedi·

147 1468 272 1530 aretur
295 1464 467 1550 quominus
490 1464 657 1529 frueretur.
688 1462 821 1547 Semper
839 1486 912 1527 eum
931 1463 1099 1547 pedisequi
1117 1485 1190 1528 cum
1212 1465 1353 1528 nummis

183 1556 258 1617 sunt
277 1554 387 1637 secuti,
406 1557 453 1638 ut,
472 1554 500 1617 si
519 1554 590 1638 quis
610 1553 681 1636 opis
701 1553 769 1616 eius
788 1552 956 1636 indigeret,
974 1551 1119 1633 haberet,
1138 1551 1223 1635 quod
1242 1553 1354 1617 statim

183 1641 287 1721 daret,
314 1663 354 1706 ne
387 1641 562 1707 differendo
594 1642 757 1706 rideretur
789 1662 918 1726 negare.
964 1637 1079 1725 Saepe,
1107 1661 1179 1705 cum
1212 1640 1353 1727 aliquem

182 1730 339 1796 offensum
367 1727 533 1817 fortunal)
562 1731 685 1795 videret
712 1731 818 1794 minus
848 1730 930 1794 bene
954 1729 1123 1813 vestitum,
1152 1750 1247 1792 suum
1277 1731 1353 1794 ami·

146 1821 290 1887 sculum
319 1819 415 1885 dedit.
461 1818 587 1885 Cotidie
615 1820 764 1883 siccana
792 1819 821 1882 11
845 1818 1055 1902 coquebatur,
1078 1823 1130 1900 ut,
1152 1838 1234 1899 quos
1262 1819 1353 1883 invo-

182 1911 272 1972 catos
300 1908 434 1972 vidisset
460 1908 495 1970 in
522 1908 608 1990 foro,
639 1929 749 1971 omnes
779 1903 1006 1992 devocaretm).
1051 1904 1145 1970 Nulli
1171 1905 1252 1971 fides
1277 1905 1354 1990 eius,

182 1995 265 2058 nulli
293 2017 405 2078 opera,
434 1995 516 2059 nulli
542 2017 594 2059 res
626 1994 797 2059 familiaris
829 1994 945 2059 defuit:
977 1995 1098 2059 multos
1129 1995 1353 2077 locupletavit:

182 2083 364 2167 complures
388 2104 556 2167 pauperes,
580 2083 634 2166 qui
652 2084 736 2147 ande
755 2082 943 2147 efferrentur
965 2104 1032 2147 non
1054 2083 1273 2168 reliquissent,
1296 2106 1352 2148 suo

145 2175 315 2255 4111111111
342 2172 469 2236 extulit.
514 2169 568 2236 Sic
592 2192 626 2234 se
655 2170 795 2255 gerendo
824 2172 958 2235 minime
982 2175 1032 2236 est
1059 2172 1241 2236 mirandum
1271 2173 1300 2235 si
1323 2179 1353 2237 et

183 2260 283 2324 vitam
307 2259 423 2325 habuit
446 2281 590 2325 securam
615 2263 648 2323 et
670 2263 810 2324 mortem
834 2260 992 2324 acerbam.

582 2599 642 2674 Vl.
680 2599 947 2674 LYSANDER.

146 2755 160 2802 1
268 2736 293 2802 I.
331 2737 498 2822 Lysander
520 2738 794 2803 Lacedaemonius
817 2758 969 2822 magnam
992 2737 1123 2823 reliquit
1147 2738 1196 2801 sui
1219 2737 1354 2817 famam,

180 2847 247 2890 non
269 2827 377 2890 minus
405 2826 561 2890 felicitate
584 2848 682 2911 quam
705 2826 825 2890 virtute
853 2828 997 2908 partam:
1026 2826 1242 2890 Athenienses
1266 2828 1353 2891 enim

181 2936 254 2980 cum
273 2912 518 2997 Peloponnesiis
538 2915 711 2998 septimum
731 2917 763 2978 et
782 2913 969 2978 vicesimum
988 2914 1055 2978 iam
1074 2936 1194 2979 annum
1219 2915 1352 2996 [1405]

179 3004 300 3068 bellum
333 3005 483 3088 gerentes
511 3002 687 3068 confecisse
720 2998 904 3089 apparec1),
936 3024 1040 3088 neque
1069 3025 1133 3089 qua
1159 3003 1192 3067 id
1225 3004 1354 3069 ratione

144 3095 371 3159 aconsecutus
405 3092 462 3176 sit,
494 3092 582 3157 latet.
626 3089 702 3157 Non
735 3091 822 3156 enim
854 3094 923 3156 tam
955 3091 1057 3175 ipsius
1089 3091 1224 3157 consilio
1253 3114 1354 3176 qnam

179 3182 383 3246 immodestia
405 3181 528 3246 factum
552 3185 602 3246 est
625 3181 891 3263 adversariorum,
916 3178 1002 3264 quod
1024 3201 1092 3245 non
1111 3180 1195 3244 dicto
1220 3181 1354 3246 audien-

179 3274 245 3334 tem
274 3272 487 3355 imperatores
517 3270 692 3335 exercitum
719 3268 898 3352 habebant,
926 3272 964 3332 ut
994 3269 1126 3334 relictae
1156 3269 1289 3333 illorum
1319 3271 1355 3334 in

177 3461 270 3516 lassen
301 3461 414 3515 worden
439 3462 523 3531 (464).
559 3461 737 3531 Η1111111111·
790 3459 1019 3529 surdelrgerufen,
1038 3477 1087 3513 um
1105 3461 1158 3514 den
1176 3458 1300 3514 Frieden
1318 3479 1353 3514 an

177 3529 236 3584 lich
268 3531 311 3584 als
339 3530 573 3585 Lakonenlreund
603 3531 662 3585 und
694 3529 736 3586 als
789 3529 959 3585 vermitteln.

178 3600 289 3670 Gegner
311 3601 361 3654 der
384 3600 566 3656 Demokratie
589 3602 619 3656 in
641 3601 737 3656 Athen
826 3601 848 3670 ⁹)
875 3599 910 3656 D.
928 3601 957 3655 h.
975 3617 1041 3655 vom
1067 3600 1199 3670 Ungltck
1225 3600 1354 3672 heimge-

177 3672 273 3726 wnrde
288 3671 391 3726 darauf
402 3669 659 3727 Cimonverbannt
683 3671 735 3726 Die
789 3672 887 3739 sucht,
911 3671 970 3727 also
993 3671 1074 3726 nicht
1096 3672 1354 3740 gleichbedeutend

176 3741 302 3797 Athener
332 3743 425 3811 geben
455 3760 513 3825 nun
541 3742 586 3796 die
612 3741 735 3796 Bnndes-
788 3742 1087 3844 111111111111111111.
1202 3813 1208 3825 ι
1306 3813 1313 3825 ¹

176 3812 738 3965 110111111111111111εὲ1
787 3811 1353 3940 11111111111111111111

175 3970 286 4010 nossen.
323 3955 392 4008 Zum
417 3953 527 4009 offenen
551 3955 654 4025 Kriege
681 3955 734 4008 mrt
787 3956 952 4024 Benutaung
974 3970 1029 4009 von
1049 3953 1162 4009 Cimons
1176 3953 1283 4009 Gtrten
1302 3970 1352 4024 ge·

175 4024 353 4081 Lacedtmon
367 4024 433 4079 kam
449 4042 486 4093 es,
502 4024 544 4079 als
554 4025 600 4080 die
609 4025 734 4080 Athener
788 4028 853 4094 sagt
869 4025 920 4093 ist,
939 4025 1126 4079 beschr'anlrte
1149 4023 1210 4078 sich
1228 4041 1283 4078 nur
1301 4024 1355 4079 auf

177 4097 231 4150 den
256 4111 312 4151 von
338 4095 429 4150 einem
455 4096 530 4166 Zuge
554 4096 629 4151 nach
652 4097 733 4150 Doris
789 4098 887 4153 dessen
906 4099 1012 4150 armare
1027 4094 1234 4165 Gangenossen.
1261 4084 1352 4150 llber-

175 4167 443 4222 zurtclrkehrenden
495 4166 734 4222 Lacedtmoniern
787 4168 878 4236 haupt
896 4166 1027 4221 scheinen
1042 4166 1087 4220 die
1102 4166 1239 4235 Angaben
1257 4166 1351 4221 dieses

177 4236 231 4292 den
249 4239 324 4307 Weg
342 4239 494 4308 verlegten.
532 4237 667 4294 Schlaeht
687 4236 734 4292 bei
787 4236 917 4307 Kapitels
935 4241 1021 4291 etwas
1039 4236 1229 4291 fibertrieben.

176 4306 307 4377 Tanagra
325 4313 386 4364 458.
422 4309 497 4364 Jetzt
518 4308 613 4364 warde
636 4308 733 4364 Cimon
826 4307 1275 4377 1)Ρ11111111111Κ111111111111.
