2812 4786
172 177 216 243 80
576 174 662 232 XXII.
688 173 891 230 HANNIBAL.
916 180 941 230 t.

138 357 257 424 amos,
280 339 419 405 dictator
437 337 613 420 Romanus,
635 337 670 400 in
690 357 769 422 agro
789 335 926 401 Falerno
950 337 979 401 ei
1002 357 1037 402 se
1060 337 1189 402 obiecit
1225 338 1273 402 At
1293 338 1351 403 ille

171 430 300 494 clausus
318 429 466 494 locorum
489 424 649 510 angustiis
668 429 767 490 noetn
787 426 857 490 sine
875 425 944 490 ullo
969 425 1163 491 detrimento
1188 427 1350 492 exereitus

171 540 205 582 se
233 516 397 601 expedivit
423 514 603 598 Fabioque,
636 513 848 578 callidissimo
880 514 1085 598 imperatori,
1117 515 1216 580 verba
1250 514 1349 580 dedit.

170 604 320 690 Namque
339 604 479 670 obducta
502 605 598 667 nocte
621 605 786 668 sarmenta
808 603 844 666 in
867 603 1019 668 cornibus
1038 604 1246 669 iuvencorum
1271 604 1349 669 dcli-

171 697 250 779 gata
276 692 421 758 incendit
449 692 581 776 eiusque
605 692 732 776 generis
760 691 1001 757 multitudinem
1026 712 1182 777 magnam
1204 691 1348 776 dispala·

170 789 238 846 tam
261 781 406 847 immisit
452 779 524 856 Quo
547 780 717 863 repentino
741 780 871 845 obiectu
898 784 1030 845 tantum
1052 783 1211 846 terrorem
1234 780 1349 848 iniecit

169 870 323 936 exercitui
346 869 585 951 Romanorum,
611 872 649 933 ut
680 868 790 952 egredi
818 872 911 933 extra
934 869 1058 934 vallum
1085 887 1180 934 nemo
1204 870 1348 937 auderet

134 957 262 1024 eHanc
290 962 365 1043 post
393 980 463 1023 rem
491 961 619 1043 gestam
646 978 713 1021 non
739 957 788 1022 its
815 956 929 1021 multis
957 957 1070 1022 diebus
1100 956 1143 1025 M.
1171 957 1349 1024 Minucium

171 1047 298 1131 Rufum,
317 1047 512 1132 magistrum
530 1046 677 1130 equitum
695 1044 770 1148 peri
786 1067 824 1110 ac
842 1045 1036 1148 dictatorem
1053 1046 1190 1130 imperio
1199 1043 1249 1132 ¹³),
1273 1047 1348 1113 dolo

134 1151 151 1199 4
170 1136 380 1305 {iiiiii
399 1135 648 1308 iuipiiiliihs
659 1133 1348 1306 hgh'iiriaAhii'uiiieiiiiierihciiii

114 1316 118 1323 '
170 1315 333 1396 consules,
365 1311 400 1379 Ο
423 1311 553 1376 Terent'
528 1314 593 1375 t1us
621 1314 655 1375 et
683 1311 719 1375 L.
743 1311 912 1377 Aemilius.
958 1311 1139 1396 Utriusque
1174 1314 1350 1378 exercitum

169 1423 234 1468 uno
257 1401 383 1486 proelio
406 1400 542 1485 fugavit,
561 1399 698 1464 Paulum
721 1400 888 1465 consulem
912 1400 1030 1465 occidit
1057 1405 1090 1466 et
1109 1401 1233 1484 aliquot
1254 1423 1348 1486 prae

169 1495 259 1555 terea
282 1487 513 1575 consularess
503 1511 538 1552 1n
560 1488 601 1552 iis
622 1485 679 1553 On.
699 1487 871 1554 Servilium
891 1487 1073 1573 Geminum,
1097 1490 1157 1574 qui
1183 1489 1347 1573 superiore

134 1592 256 1644 tanno
292 1579 398 1643 fueret
434 1540 556 1643 cohsul
614 1577 751 1661 Aliquot
788 1577 882 1642 annis
917 1599 977 1662 pos
979 1574 1040 1662 t¹⁴)
1078 1577 1217 1644 Romam
1256 1578 1348 1643 nullo

170 1667 342 1733 resistente
370 1665 570 1751 profectus
560 1688 594 1730 in
621 1665 822 1818 propinquist
835 1666 910 1730 urbi
940 1667 1106 1731 montibus
1129 1687 1251 1749 pancos
1278 1667 1346 1732 dies

135 1762 279 1822 ecastra
296 1754 668 1838 habuit‚urbem1psam
685 1776 753 1819 non
772 1760 822 1818 est
841 1774 1023 1856 aggressus.
1056 1754 1105 1818 Ti.
1116 1751 1347 1838 Sempronium

171 1844 364 1927 Gracchum,
391 1806 488 1930 bis¹⁶)
516 1843 727 1925 consulem,
717 1865 752 1906 ιιι
776 1842 963 1907 Lucanis
921 1863 1023 1928 ,ipse
1047 1843 1174 1924 absens,
1200 1845 1242 1924 [a.
1266 1845 1346 1925 212]

170 1934 205 1996 ιιι
240 1894 374 1998 insidias
411 1932 579 1996 inductum
615 1931 749 1996 sustulit
757 1927 807 2017 11).
860 1930 904 1996 M.
937 1929 1109 1997 Claudium
1140 1930 1346 2014 Marcellum,

170 2021 321 2106 quintum
344 2021 508 2084 consulem
515 2020 632 2104 ,apud
654 2017 833 2084 Venusiam
856 2020 929 2104 pari
951 2020 1048 2085 modo
1071 2021 1171 2085 inter·
1195 2022 1238 2101 [a.
1262 2021 1345 2104 208]

135 2110 257 2174 ufecit.
303 2106 366 2173 Sed
388 2070 524 2192 longuni
550 2115 601 2173 est
624 2108 733 2173 omnia
756 2130 944 2174 enumerare
968 2109 1101 2192 proelia.
1147 2107 1259 2174 Unum
1281 2110 1347 2175 hoc

170 2198 251 2262 satis
280 2197 342 2262 erit
369 2196 502 2281 dixisse,
525 2218 564 2260 ex
588 2218 651 2281 quo
674 2197 821 2282 intellegi
843 2197 963 2281 possit,
989 2202 1129 2282 quantus
1152 2197 1207 2262 ille
1230 2197 1349 2263 fuerit:

169 2285 323 2372 quamdin
350 2286 385 2350 in
407 2285 506 2350 Italia
528 2285 607 2370 fuit,
633 2307 729 2350 nemo
753 2286 783 2350 ei
806 2286 842 2350 in
864 2289 933 2351 acie
956 2285 1092 2370 restitit,
1122 2307 1160 2350 ac
1183 2287 1237 2351 vix
1262 2286 1347 2370 quis-

156 2398 267 2465 quam
291 2374 444 2440 adversus
468 2396 542 2439 enm
564 2378 639 2458 post
658 2372 862 2440 Cannensem
884 2395 1029 2461 pugnam
1047 2375 1082 2439 in
1102 2396 1217 2460 campo
1237 2379 1348 2441 eastra

195 2465 290 2530 osuit.

136 2567 149 2616 1
171 2486 193 2547 p
258 2551 315 2618 VI.
345 2550 490 2616 Invictus
518 2551 619 2637 igitur
642 2551 807 2615 Hannibal
833 2551 974 2635 patriam
999 2551 1164 2616 defensum
1195 2554 1237 2633 [a.
1263 2552 1344 2634 203]

169 2643 341 2705 revocatus
374 2640 494 2705 bellum
527 2641 631 2724 gessit
659 2640 813 2705 adversus
845 2639 879 2705 P.
908 2638 1104 2723 Scipionem,
1136 2640 1240 2705 filium
1275 2641 1345 2705 eius

171 2727 347 2812 Scipionis,
380 2751 475 2812 quem
506 2728 576 2813 ipse
608 2729 713 2812 primo
746 2728 832 2812 apud
864 2728 1073 2808 Rhodanum,
1105 2728 1222 2794 iterum
1256 2729 1345 2813 apud

135 2816 309 2899 aPadum,
336 2818 435 2882 tertio
465 2816 550 2899 apud
572 2816 722 2883 Trebiam
746 2814 932 2902 fugarat¹¹).
978 2815 1059 2883 Oum
1088 2817 1151 2882 hoc
1180 2817 1347 2883 exhaustis

170 2904 236 2968 iam
273 2905 396 2988 patriae
433 2904 657 2989 facultatibus,
695 2927 759 2989 quo
796 2905 955 2970 valentior
992 2909 1107 2989 postea
1139 2927 1212 2971 con·
1250 2906 1346 2989 [202]

170 2993 372 3078 grederetur,
407 2991 442 3057 in
479 2994 664 3075 praesentia
699 2993 822 3058 bellum
853 3015 1045 3077 componere
1078 2995 1210 3078 cupivit
1264 2993 1348 3059 inde

135 3098 151 3146 a
171 3082 367 3166 colloquium
391 3082 558 3146 convenit:
592 3082 797 3148 condiciones
819 3103 887 3147 non
910 3090 1139 3148 convenerunt.
1186 3081 1348 3147 Postridie

170 3171 255 3255 apud
282 3170 417 3236 Zamam
444 3192 517 3236 cum
545 3171 656 3236 eodem
685 3170 843 3236 conflixit:
874 3172 987 3254 pulsus
1015 3167 1217 3258 (incredibile
1241 3168 1345 3258 dictu)

169 3260 268 3326 biduo
297 3263 329 3324 ct
357 3260 482 3325 duabus
509 3260 660 3325 noctibus
683 3259 920 3324 Hadrumetum
948 3259 1110 3344 pervenit,
1139 3259 1222 3344 quod
1253 3260 1348 3325 abest

134 3348 212 3413 aab
236 3347 335 3412 Zama
358 3348 486 3413 circiter
510 3348 600 3414 milia
624 3370 778 3432 passuum
801 3351 930 3413 eentum
956 3351 989 3412 et
1010 3347 1257 3433 qninquaginta.
1306 3346 1348 3412 In

173 3458 235 3520 qua
269 3437 346 3521 fuga
374 3458 445 3501 cum
472 3437 704 3502 insidiarentur
731 3437 761 3501 ci
787 3433 960 3519 Numidae,
993 3435 1048 3522 qui
1075 3437 1173 3501 simul
1203 3457 1277 3501 cum
1306 3457 1345 3501 eo

52 3601 54 3605 y
173 3545 211 3587 ex
234 3525 303 3588 acie
326 3528 543 3609 excesserant,
569 3526 630 3591 hos
657 3548 724 3592 non
747 3524 852 3589 solum
881 3524 1010 3610 effugit,
1042 3524 1098 3590 sed
1125 3525 1227 3590 etiam
1254 3525 1345 3610 ipsos

212 3767 245 3838 14)
262 3766 320 3821 Ans
338 3765 588 3824 Unnufriedenheit
611 3768 665 3822 mit
682 3769 731 3823 der
785 3768 843 3824 mal
860 3767 967 3824 Konsnl
985 3785 1128 3840 genesen·
1147 3738 1278 3838 dagegen
1296 3769 1348 3822 ite·

172 3836 555 3908 versichtigenKriegsueise
570 3839 732 3895 desFahius
785 3858 847 3894 rnm
875 3839 985 3908 consul,
1009 3840 1059 3895 der
1084 3857 1147 3894 aum
1172 3838 1349 3894 aweitenmal

172 3911 252 3965 hatte
284 3927 351 3963 man
383 3910 447 3963 dem
469 3910 556 3965 Rufus
589 3911 633 3965 cin
659 3909 731 3963 selb-
785 3910 893 3965 Konsul
910 3909 956 3964 ist.

172 3980 265 4036 standi
285 3998 314 4036 es
332 3980 509 4036 Kommando
528 3981 663 4051 gegeben.
825 3981 857 4052 ¹⁶)
876 3981 914 4035 Er
931 3980 994 4036 licis
1012 3979 1063 4034 ihn
1081 3980 1171 4036 durch
1189 3979 1272 4035 einen
1286 3997 1350 4035 vor·

210 4000 344 4121 ¹⁴)Siese
363 4050 509 4107 Diversion
527 4053 640 4108 rnechte
658 4051 732 4106 Han·
786 4051 907 4106 nahmen
929 4051 1087 4107 Lucaner'
1078 4070 1108 4106 m
1134 4052 1216 4106 einen
1234 4050 1348 4106 flinter·

171 4123 249 4177 nibal
278 4122 368 4178 erst
359 4141 399 4177 rm
418 4124 503 4179 Jahrc
522 4128 588 4192 211,
615 4139 663 4176 um
687 4121 733 4177 die
787 4123 850 4177 hart
858 4122 961 4178 lochen
969 4121 1199 4177 undubcriallen.
1214 4121 1350 4177 Erselbst

174 4193 270 4263 Capua
287 4193 477 4264 belagemden
496 4166 600 4250 Rdmdr
617 4211 673 4249 von
696 4193 734 4248 da
787 4192 913 4263 besiegte
937 4193 1117 4262 gleichzeitig
1138 4192 1186 4248 bei
1203 4191 1350 4248 Herdonia

173 4262 353 4319 abzuaiehen
786 4265 816 4319 in
830 4265 952 4333 Apulien
971 4265 1025 4319 den
1042 4265 1144 4319 Prator
1161 4263 1210 4318 Gn.
1225 4263 1349 4320 Fulvius.

211 4334 245 4404 11)
264 4335 311 4388 Βιι
327 4334 426 4390 consul
438 4335 477 4391 ist
491 4337 576 4407 einer,
588 4337 638 4391 der
651 4335 732 4390 zwei·
825 4336 858 4405 11)
877 4335 940 4405 Vgi
959 4335 1007 4406 IV,
1027 4341 1105 4391 1-2.
