2812 4786
487 183 695 239 PRAEFATIO
714 182 894 239 EDITORIS.
1241 181 1268 237 V

92 351 277 434 accepimus
295 349 433 414 vitarum
457 347 603 412 ordinem
626 346 755 410 institui
779 350 812 412 et
834 348 868 411 in
886 347 1031 432 margine
1051 368 1163 430 annos,
1185 369 1267 431 quos

94 458 224 542 quidem
246 478 305 540 pro
329 459 417 519 certo
441 476 551 519 eruere
573 454 747 537 potuerim,
770 454 879 518 adieci.

186 561 219 650 7)
243 561 402 644 Datamis,
425 558 550 643 Dionis,
574 560 800 644 Timoleontis,
820 559 977 625 Eumenis
1000 562 1086 626 vitas
1111 564 1148 625 ut
1170 561 1268 625 nimis

94 671 276 736 reconditas
295 672 329 734 et
347 668 389 732 ab
407 666 512 731 initiis
532 666 723 750 disciplinae
741 666 918 731 historicae
937 667 1060 732 alienas
1083 673 1119 731 ut
1138 666 1268 731 omitte-

93 799 169 860 rem,
192 775 384 861 praesertim
408 794 480 839 cum
500 772 700 838 accuratiore
723 794 831 838 rerum
854 773 1069 858 descriptione
1091 773 1269 838 eminerent

92 906 195 968 neque
228 882 404 968 quidquam
430 881 602 964 haberent,
630 880 714 964 quod
747 880 788 944 ad
819 880 978 972 puerilem
1011 880 1267 964 intellegentiam

93 1013 157 1055 non
186 990 390 1072 conveniret,
421 1010 441 1052 a
468 1008 518 1051 me
547 987 722 1071 impetrare
754 1009 821 1051 non
852 987 960 1071 potui,
990 1009 1093 1072 neque
1125 1009 1200 1053 vero
1231 989 1269 1051 ut

94 1101 228 1179 propter
251 1116 358 1160 rerum
382 1094 422 1159 ab
445 1093 526 1178 ipsis
550 1096 715 1177 gestarum
740 1093 936 1178 gravitatem
959 1097 1016 1157 aut
1034 1093 1189 1158 Periclem
1214 1093 1268 1157 ad-

94 1205 212 1267 icerem
237 1205 294 1266 aut
312 1200 466 1265 Aristidis
485 1199 700 1264 Phocionisve
723 1201 808 1264 vitas
832 1199 1035 1284 adaugerem.
1068 1200 1213 1265 Vetabat
1235 1199 1268 1263 id

94 1310 164 1372 fieri
185 1309 275 1387 illud,
300 1306 384 1392 quod
406 1305 548 1389 primum
571 1305 653 1368 mihi
671 1327 915 1391 proposueram,
933 1310 970 1371 ut
993 1306 1150 1371 librorum
1170 1327 1269 1389 quam

93 1414 343 1499 diligentissime
372 1413 602 1478 auctoritatem
631 1415 760 1477 secutus
787 1413 927 1477 latinum
958 1413 1148 1497 scriptorem
1171 1413 1270 1477 inter·

93 1526 245 1604 preterer,
264 1543 331 1586 non
352 1525 423 1603 ipse
445 1519 575 1603 ingenio
598 1518 770 1603 indulgens
788 1520 873 1584 vitas
897 1520 1142 1585 conscriberem.
1184 1518 1269 1594 Quid

95 1628 179 1710 quod
198 1649 282 1711 eum,
297 1627 353 1712 qui
372 1629 429 1691 aut
447 1625 629 1692 accuratius
643 1625 798 1690 Aristidis
817 1648 867 1691 res
884 1627 1044 1711 explicare
1064 1629 1120 1691 aut
1134 1626 1267 1691 Periclis

95 1755 203 1796 rerum
225 1733 278 1796 vel
306 1755 465 1797 summam
493 1732 655 1817 attingere
678 1731 828 1816 voluerit,
855 1734 1040 1796 contextam
1063 1751 1194 1796 necesse
1217 1736 1269 1795 est

95 1838 225 1903 illorum
252 1841 435 1921 temporum
456 1837 629 1901 historiam
652 1836 817 1918 exhibere,
845 1836 878 1901 id
908 1836 993 1920 quod
1015 1835 1126 1922 Nepos
1156 1858 1190 1902 se
1212 1858 1268 1901 no·

94 1945 196 2008 luisse
220 1948 329 2029 aperte
352 1943 431 2008 dicit
454 1940 576 2029 (Pelop.
595 1940 621 2027 I,
643 1940 701 2029 1)1
739 1940 869 2008 Scilicet
892 1944 1020 2009 ob-hoc
1043 1945 1159 2028 ipsum,
1182 1944 1270 2029 quod

94 2050 212 2114 leviter
243 2050 483 2133 tantummodo,
516 2049 621 2134 qualis
654 2051 789 2134 quisque
820 2050 921 2117 fucrit
949 2058 982 2116 et
1009 2073 1091 2136 quae
1122 2050 1269 2136 gesserit,

95 2156 340 2242 perstringitur,
372 2157 561 2242 aptissimae
595 2160 672 2221 sunt
703 2159 785 2221 istae
814 2159 913 2240 vitae,
944 2180 1026 2243 quae
1055 2181 1074 2223 a
1101 2157 1268 2242 quartanis

93 2263 214 2327 nostris
237 2263 396 2349 legentur.
429 2264 475 2327 At
497 2264 588 2328 illum
612 2264 651 2328 de
674 2263 806 2349 regibus
824 2265 932 2329 locum
953 2268 986 2328 et
1004 2265 1106 2330 vitam
1125 2262 1270 2346 Catonis,

94 2371 130 2431 ut
153 2369 205 2433 vel
229 2369 325 2434 exilia
348 2374 381 2435 et
402 2370 515 2435 inania
538 2371 589 2435 vel
617 2393 655 2436 11
679 2371 742 2436 alio
765 2369 903 2455 Nepotis
931 2371 1017 2436 libro
1041 2370 1213 2453 desumpta
1237 2372 1270 2433 et

93 2496 262 2558 perperam
280 2475 371 2540 hisce
388 2476 424 2539 in
442 2476 518 2540 vitis
537 2477 667 2560 tradita,
684 2477 824 2541 libenter
842 2476 955 2540 abieci.
991 2474 1138 2541 Atticum
1158 2478 1269 2540 tamen

94 2583 175 2643 item
207 2581 246 2644 de
276 2581 441 2647 historicis
474 2583 586 2647 latinis
618 2582 857 2666 depromptum,
889 2604 962 2647 cum
994 2584 1127 2667 propter
1159 2604 1267 2647 rerum

94 2685 344 2750 utilissimarum
370 2688 495 2772 copiam
529 2692 561 2752 11
589 2689 820 2754 accuratiorem
849 2690 1013 2774 quandam
1041 2691 1269 2755 tractationem

93 2814 159 2856 non
183 2794 251 2856 sine
280 2791 388 2858 fructu
409 2795 547 2877 privatis
572 2795 688 2860 studiis
711 2817 731 2859 a
754 2797 944 2861 secundariis
974 2796 1040 2881 legi
1062 2818 1159 2879 posse
1183 2797 1270 2861 vide·

93 2903 192 2982 retur,
215 2898 250 2963 in
274 2900 450 2983 appendice
473 2901 675 2967 retinendum
697 2903 820 2986 putavi.

183 3004 218 3092 8)
240 3005 281 3071 In
304 3005 507 3092 singulorum
530 3009 761 3074 vocabulorum
790 3008 950 3092 scriptura
973 3010 1014 3073 ad
1042 3009 1178 3073 eandem
1201 3008 1268 3072 fere

93 3135 191 3197 quam
219 3112 320 3177 Halm
348 3111 494 3198 (Lipsiae
524 3113 624 3201 1811)
653 3116 812 3180 rationem
843 3137 894 3180 me
924 3115 1094 3199 applicavi.
1144 3114 1269 3179 Tamen

93 3219 178 3303 quod
206 3219 474 3305 diligentissimus
506 3223 560 3289 hic
592 3223 753 3307 interpres
781 3223 815 3288 id
841 3222 950 3306 potius
978 3221 1197 3305 laboraverat,
1231 3226 1269 3287 ut

94 3327 289 3409 optimorum
321 3327 468 3394 codicum
496 3330 691 3413 scripturam
722 3334 869 3394 accurate
898 3327 1077 3412 exhiberet,
1106 3350 1204 3412 quam
1233 3333 1270 3394 ut

95 3435 185 3495 certa
213 3432 368 3516 quaedam
396 3437 612 3499 recentiorum
640 3434 927 3519 grammaticorum
954 3437 1128 3519 praecepta
1158 3456 1269 3518 seque·

94 3542 192 3621 retur,
215 3539 295 3602 mihi
319 3543 428 3605 autem
451 3541 485 3604 in
503 3541 587 3605 libro
612 3539 653 3605 ad
671 3562 842 3623 puerorum
862 3563 957 3606 usum
977 3542 1124 3606 confecto
1147 3543 1267 3607 rectius

94 3644 264 3710 videbatur
281 3651 454 3729 praecepta
472 3669 598 3732 semper
616 3647 678 3712 sibi
698 3649 883 3713 constantia
900 3651 1011 3714 tenere
1027 3671 1125 3732 quam
1143 3648 1268 3713 variam

94 3750 302 3817 librariorum
326 3754 591 3819 consuetudinem
613 3755 750 3839 tradere,
773 3756 967 3841 aliquotiens
992 3755 1032 3819 ab
1056 3755 1114 3819 illo
1138 3757 1267 3821 recessi.

184 3857 287 3941 Haec,
310 3881 391 3943 quae
415 3861 563 3943 exposui,
592 3865 750 3944 quatenus
779 3865 865 3939 recte
889 3863 1111 3947 spectaverim,
1135 3866 1168 3926 et
1191 3884 1267 3946 qua·

93 3966 188 4027 tenus
213 3965 254 4029 ad
277 3987 316 4030 ea
339 3967 506 4032 commode
530 3965 690 4050 Nepotem
714 3969 954 4053 perpoliverim,
977 3968 1144 4033 doctorum
1167 3968 1268 4032 fuerit

93 4067 236 4134 iudicare
261 4093 299 4136 ac
322 4073 460 4137 maxime
484 4095 607 4156 eorum,
632 4074 687 4159 qui
710 4074 774 4159 ipsi
796 4074 831 4138 in
854 4073 1036 4138 erudiendis
1060 4073 1168 4157 pueris
1192 4094 1267 4158 ope-

94 4196 164 4265 rapi
187 4178 438 4244 collocaverunt.
475 4165 656 4245 0111111111
681 4182 835 4263 expositis
859 4203 925 4246 non
949 4180 1088 4265 amplius
1112 4200 1193 4262 opus
1218 4185 1268 4245 est

93 4280 208 4368 dicere,
232 4306 289 4348 cur
312 4283 466 4350 Voelkeri
490 4285 755 4372 (1111111118ἵῖ)
780 4293 812 4352 et
834 4283 1267 4374 Vogelii(Berolini1873)
