2812 4786
288 171 561 228 lucanenses.
580 177 605 228 2.
620 177 644 229 3.
681 171 728 230 IV.
751 171 962 229 PAUSANIAS.
983 178 1007 227 1.
1192 173 1232 239 13

10 359 18 399 :-
59 339 146 403 sium
179 334 267 420 apud
294 334 444 401 Plataeas
476 335 533 401 illo
565 336 703 420 proelio,
732 357 796 420 quo
828 336 1040 402 barbarorum
1073 337 1232 403 exercitus

10 450 17 489 :
60 426 155 491 lusus
178 430 212 490 et
232 423 420 490 Mardonius
442 424 630 489 interfectus
654 429 713 490 est.
758 424 871 510 Neque
893 425 960 490 fere
984 424 1071 490 aliud
1097 426 1137 510 [a.
1151 426 1267 508 479J2

60 519 113 581 est
135 515 237 579 ullum
259 513 327 578 eius
350 513 442 576 inre
464 513 599 578 militari
622 513 750 579 illustre
773 513 911 597 factum,
933 514 1076 579 iustitiae
1099 537 1174 579 vero
1199 520 1233 581 et

58 602 1232 774 lstllffbl*ffltltttllt,lucidenturtitt}

58 781 155 846 simul
188 742 277 845 cum,
291 778 467 862 Pausania,
496 800 559 864 quo
593 779 670 844 duce
693 779 881 845 Mardonius
914 784 985 845 erat
1016 781 1165 866 fugatus,
1196 785 1233 846 ut

57 891 185 934 summa
212 868 343 952 imperii
375 868 532 932 maritimi
564 870 604 932 ab
637 868 902 934 Lacedaemoniis
930 869 1160 934 transferretur
1191 871 1231 935 ad

56 959 289 1023 Athenienses:
318 979 460 1042 namque
488 960 563 1021 ante
586 957 619 1021 id
642 961 772 1041 tempus
795 961 829 1023 et
856 959 938 1022 mari
961 962 994 1022 et
1020 962 1108 1023 terra
1135 959 1231 1024 duces
1250 974 1266 1023 3

49 1051 156 1113 >erant
173 1047 428 1112 Lacedaemonii.
473 1045 556 1110 Tum
584 1050 692 1110 autem
716 1051 749 1111 et
774 1047 1027 1132 intemperantia
1051 1047 1232 1113 Pausaniae

58 1140 93 1200 et
110 1135 241 1200 iustitia
256 1135 376 1200 factum
396 1137 446 1199 est
459 1133 625 1218 Aristidis,
644 1138 681 1199 ut
696 1157 806 1200 omnes
825 1134 892 1201 fere
911 1137 1059 1201 civitates
1075 1134 1232 1201 Graeciae

61 1226 102 1288 ad
132 1224 378 1288 Atheniensium
405 1224 592 1288 societatem
620 1245 653 1289 se
682 1225 884 1307 applicarent
912 1230 946 1290 et
972 1226 1032 1290 hos
1061 1225 1124 1289 sibi
1152 1225 1233 1289 deli-

60 1318 177 1396 gerent
200 1313 352 1378 sdversus
376 1313 532 1377 barbaros
555 1314 660 1377 duces.

144 1399 206 1466 III.
250 1401 338 1478 Quos
367 1422 431 1486 quo
459 1401 587 1466 facilius
618 1401 702 1466 bello
731 1406 1012 1488 persequerentur,
1040 1402 1081 1468 ad
1111 1403 1266 1467 classesl

55 1488 273 1555 aedificandas
293 1492 513 1574 exercitusque
527 1492 762 1574 comparandos
777 1496 935 1577 quantum
950 1513 1094 1576 quaeque
1113 1493 1230 1556 civitas

55 1579 213 1662 pecuniae
235 1579 335 1664 daret,
358 1579 518 1644 Aristides
543 1579 685 1644 delectus
709 1581 834 1662 estqui
853 1582 1074 1664 constitueret,
1098 1580 1231 1664 eiusque

57 1667 195 1733 arbitrio
227 1667 449 1752 quadringena
481 1671 514 1732 et
546 1689 707 1753 sexagena
743 1669 867 1733 talenta
907 1670 1080 1753 quotannis
1112 1668 1231 1732 Delum

60 1760 138 1820 sunt
156 1756 291 1822 collata:
314 1756 347 1821 id
366 1757 454 1820 enim
472 1778 642 1821 commune
661 1757 821 1821 aerarium
840 1778 910 1821 esse
928 1757 1109 1822 voluerant.
1141 1755 1230 1832 Quae

59 1845 168 1910 omnis
185 1845 323 1930 pecunia
340 1848 473 1928 postero
492 1841 670 1931 tempore⁶)
690 1843 835 1910 Athenas
854 1846 1014 1910 translata
1032 1849 1091 1911 est.
1121 1845 1230 1929 Atque
1250 1861 1266 1908 2

57 1932 115 1997 ille
139 1955 204 2018 qua
225 1934 324 1999 fuerit
347 1934 555 2019 abstinentia,
577 1935 702 1998 nullum
726 1937 776 1998 est
799 1935 918 1999 certius
941 1934 1106 2018 indicium,
1132 1956 1230 2018 quam

57 2021 157 2105 quod,
171 2044 242 2087 cum
261 2024 364 2088 tantis
378 2022 477 2089 rebus
494 2023 696 2106 praefuisset,
714 2023 748 2086 in
766 2027 862 2089 tanta
879 2028 1068 2108 paupertate
1082 2024 1230 2107 decessit,

57 2114 98 2175 ut
122 2111 178 2195 qui
199 2111 366 2176 efferretur
388 2112 441 2177 uix
463 2113 637 2195 reliquerit.
682 2112 752 2189 Quo
774 2113 897 2178 factum
920 2119 971 2177 est
993 2117 1030 2177 ut
1051 2113 1139 2177 filiae
1162 2113 1231 2178 eius
1251 2128 1267 2176 3

54 2199 188 2283 publice
220 2201 384 2266 alerentur
410 2204 444 2266 et
472 2201 510 2265 de
543 2201 707 2265 communi
735 2203 860 2267 aerario
889 2202 1021 2267 dotibus
1050 2200 1134 2266 datis
1167 2201 1231 2265 col-

54 2290 253 2354 locarentur.
286 2289 432 2355 Decessit
450 2293 560 2354 autem
582 2290 650 2354 fere
672 2294 749 2374 post
772 2313 891 2355 annum
915 2295 1074 2376 quartum,
1098 2289 1230 2370 [a473]

55 2399 156 2462 quam
180 2378 413 2444 Themistocles
436 2378 573 2444 Athenis
597 2382 668 2443 erat
691 2381 851 2462 expulsus.

455 2699 516 2773 IV.
557 2699 840 2774 PAUSANIAS.

148 2836 173 2902 Ι,
218 2838 396 2904 Pausanias
424 2837 697 2905 Lacedaemonius
730 2861 868 2925 magnus
895 2839 1007 2918 homo,
1035 2838 1091 2903 sed
1119 2839 1265 2903 varius1

57 2929 95 2992 in
124 2928 213 2992 omni
245 2949 361 3013 genere
393 2928 479 2993 vitae
507 2928 583 2993 fuit:
615 2951 691 2993 nam
719 2934 756 2993 ut
782 2930 957 2994 virtutibus
991 2927 1153 3011 elucebat,
1186 2929 1231 2992 sic

56 3015 151 3082 vitiis
173 3017 377 3083 obruebatur.
415 3016 477 3082 Est
497 3020 603 3081 autem
624 3019 692 3082 eius
710 3018 969 3083 illustrissimum
992 3016 1074 3081 illud
1098 3017 1266 3096 [a.479]2

57 3104 148 3188 apud
160 3105 311 3171 Plataeas
328 3107 496 3188 proelium.
526 3104 675 3191 Namque
693 3107 751 3171 illo
771 3109 849 3172 duce
865 3105 1064 3186 Mardonius,
1083 3107 1231 3184 satrapes

57 3193 185 3279 regius,
207 3195 310 3278 ipsius
333 3192 426 3258 Darii
448 3194 534 3278 regis
558 3216 671 3280 gener,
694 3197 729 3260 in
751 3197 864 3279 primis
888 3196 1034 3258 omnium
1058 3191 1231 3255 Persarum

59 3286 95 3346 et
118 3283 334 3348 manufortis
358 3286 390 3346 et
414 3282 543 3348 consilii
566 3284 695 3367 plenus,
719 3306 791 3348 oum
814 3283 960 3348 ducentis
983 3280 1113 3344 milibus
1143 3280 1232 3364 pedi·

57 3368 176 3455 tum1),
197 3393 276 3455 quos
295 3372 417 3436 viritim
435 3372 569 3456 legerat,
588 3375 620 3435 et
638 3373 756 3456 viginti
775 3372 920 3456 equitum
939 3369 1025 3433 haud
1044 3370 1092 3432 ita
1111 3390 1232 3454 magna

58 3480 162 3522 manu
189 3457 342 3526 Graeciae
370 3460 502 3544 fugatus
532 3464 596 3544 est,
621 3481 722 3545 eoque
751 3460 822 3543 ipse
845 3459 960 3524 cecidit
989 3459 1121 3542 proelio.
1169 3456 1266 3524 Sede

57 3547 202 3630 primum
228 3549 262 3614 in
290 3571 329 3614 eo
357 3553 407 3613 est
434 3548 662 3634 reprehensus,
691 3549 790 3633 quod,
818 3571 891 3613 oum
919 3570 957 3612 ex
986 3547 1104 3632 praeda
1131 3549 1231 3630 tripo-

58 3635 133 3700 dem
157 3659 288 3703 aureum
312 3637 448 3720 Delphis
476 3639 652 3723 posuisset,
675 3640 876 3722 epigramma
906 3638 1086 3721 inscripsit,
1109 3637 1144 3700 in
1168 3658 1230 3720 quo

56 3723 140 3790 haec
167 3729 237 3800 erat
265 3727 439 3792 sententia:
468 3749 525 3792 suo
554 3728 652 3793 ductu
678 3727 836 3793 barbaros
865 3726 950 3810 apud
979 3725 1130 3790 Plataeas
1160 3746 1231 3789 esse

59 3918 127 3971 sche
142 3918 300 3988 Besatsung
315 3919 365 3974 der
377 3919 451 3974 nahe
464 3919 620 3988 gelegenen
712 3920 732 3989 ¹)
757 3919 862 3974 Xerxes
881 3919 960 3972 hatte
978 3917 1027 3971 ihn
1046 3917 1099 3970 mit
1116 3920 1230 3971 300000

58 3988 416 4060 kleinenlnselPsyttalea
429 3989 486 4043 und
497 3991 619 4044 besetzte
672 3991 758 4044 Mann
777 3988 1020 4057 auriiclrgelassen.
1057 3988 1131 4041 Aber
1150 3986 1231 4039 einen

59 4058 197 4129 dissolbe,
220 4061 355 4117 wodurch
377 4061 422 4115 die
450 4060 619 4130 Niederlage
673 4062 736 4116 Teil
763 4062 812 4116 des
845 4059 963 4128 Heeres,
996 4059 1049 4113 den
1076 4056 1231 4110 Artabazus

59 4130 112 4184 der
142 4133 305 4201 persischen
331 4133 424 4187 Flotte
456 4133 529 4187 noch
558 4134 619 4186 ent
672 4132 841 4201 belehligte,
870 4130 931 4185 liess
959 4128 1049 4183 dieser
1076 4145 1127 4197 gar
1153 4126 1232 4180 nicht

59 4199 245 4258 scheidender
263 4205 365 4258 wurde.
673 4221 736 4257 zum
772 4201 892 4272 Kampsa
928 4203 1075 4267 hommem,
1113 4199 1232 4251 sondern

98 4272 121 4341 ⁶)
148 4273 236 4330 Unter
272 4275 321 4329 der
350 4274 534 4344 Verwaltung
570 4275 619 4328 des
672 4274 766 4328 fuhrte
785 4274 836 4328 ihn
853 4270 1017 4340 rechtzcitig
1031 4270 1067 4324 ab
1080 4269 1153 4324 nach
1167 4270 1232 4324 dem

57 4343 192 4401 Pericles.
670 4345 848 4416 Hellespont.
