2812 4786
130 171 172 238 76
523 174 597 231 XXI.
624 169 824 229 Hammona.
848 176 872 227 1.
891 176 916 227 2.

129 357 314 420 supremum
334 335 465 421 obisset,
479 335 609 420 publice
628 357 647 400 a
662 332 874 419 Syracusanis
892 333 1013 400 infore
1030 338 1101 399 tota
1122 335 1313 400 celebrante

129 423 241 489 Sicilia
259 425 406 509 sepultus
426 429 476 489 est
495 425 766 509 gymnasiumque
781 425 828 489 ibi
848 427 962 508 postea
977 423 1203 509 constitutum,
1224 425 1313 508 quod

129 513 388 580 Timoleonteum
412 513 607 598 appellatur.

519 853 613 926 XXI.
650 851 912 926 HAMILCAR.

94 1010 108 1058 1
216 991 243 1058 I.
274 991 455 1073 Hamilcar,
486 990 680 1079 Hannibalis
714 991 815 1074 filius,
843 990 1036 1075 cognomine
1063 990 1200 1075 Bareas,
1230 990 1313 1058 Car-

128 1080 361 1166 thaginiensis,
387 1082 493 1165 primo
521 1076 609 1145 bello
637 1078 793 1163 Poenico,
821 1079 878 1144 sed
909 1081 1111 1162 temporibus
1143 1082 1312 1167 extremis,

128 1168 301 1234 admodum
335 1169 594 1234 adulescentulus
627 1168 662 1233 in
695 1167 805 1233 Sicilia
836 1189 985 1252 praeesse
1018 1171 1125 1252 coepit
1159 1170 1311 1253 [1247]

94 1259 296 1325 aexercitui.
341 1258 392 1322 Ibi
421 1279 494 1322 cum
523 1262 598 1321 ante
627 1258 696 1323 eius
724 1257 897 1322 adventum
926 1257 1011 1321 male
1041 1278 1092 1322 res
1116 1262 1312 1342 gererentur

130 1343 498 1431 Carthaginiensium),
533 1347 616 1429 ipse,
648 1346 704 1410 ubi
737 1344 854 1428 adfuit,
886 1367 1063 1429 numquam
1092 1345 1179 1410 hosti
1209 1351 1312 1414 cessit

130 1457 233 1519 neque
252 1437 359 1499 locum
377 1433 514 1499 nocendi
532 1434 629 1514 dedit,
648 1455 807 1518 saepeque
826 1435 995 1499 occasione
1014 1433 1091 1499 data
1107 1434 1310 1520 lacessivit²)

95 1540 111 1588 3
131 1527 228 1607 atque
253 1524 398 1607 superior
418 1522 576 1587 discessit.
612 1521 749 1586 Interim
769 1520 1056 1607 Carthaginienses
1076 1523 1161 1606 apud
1179 1524 1309 1590 insulas

128 1612 273 1696 Aegates
297 1634 316 1675 a
339 1609 375 1676 C.
398 1610 546 1693 Lutatio,
574 1608 737 1698 oonsule³)
766 1611 1004 1695 Romanorum,
1034 1613 1136 1676 classe
1161 1613 1204 1693 [a.
1225 1613 1308 1696 241]

130 1701 288 1785 superati,
317 1704 504 1765 statuerunt
530 1701 608 1765 belli
635 1700 741 1764 facere
773 1701 869 1764 finem
899 1721 1033 1784 eamque
1065 1722 1134 1765 rem
1169 1701 1308 1768 arbitrio

93 1807 111 1855 4
128 1792 346 1874 permiserunt
363 1788 568 1854 Hamilcaris.
606 1787 675 1872 Ille,
694 1789 755 1852 etsi
772 1789 935 1873 flagrabat
953 1787 1097 1853 bellandi
1116 1789 1309 1875 cupiditate,

129 1884 249 1962 tamen,
272 1878 357 1963 quod
376 1879 517 1962 patriam
541 1877 734 1942 exhaustam
753 1877 938 1962 sumptibus
957 1877 1078 1943 diutius
1100 1878 1307 1946 calamitates

129 1965 208 2031 belli
234 1967 317 2030 ferre
344 1988 410 2030 non
441 1988 536 2051 posse
569 1966 796 2052 intellegebat,
824 1966 898 2052 paci
931 1965 1136 2031 serviundum
1168 1971 1309 2051 putavit,

130 2054 186 2117 sed
209 2055 266 2137 ita,
289 2055 457 2118 utstatim
481 2060 590 2118 mente
614 2056 766 2140 agitaret,
790 2055 819 2118 si
841 2053 977 2140 paulum
1000 2054 1097 2120 modo
1120 2076 1173 2120 res
1197 2063 1310 2123 essent

129 2141 283 2226 refectae,
311 2143 434 2207 bellum
456 2164 612 2206 renovare
635 2142 867 2228 Romanosque
892 2144 990 2207 armis
1013 2145 1177 2228 persequi,
1205 2144 1311 2212 donec

94 2251 110 2299 1
130 2235 188 2295 aut
204 2231 321 2296 ultimo
341 2230 517 2296 certamine
535 2232 688 2296 vicissent
712 2237 768 2296 aut
787 2231 864 2297 victi
888 2254 1003 2296 manus
1022 2232 1194 2298 dedissent.
1234 2232 1309 2302 Hoc

130 2319 265 2385 consilio
298 2341 412 2404 pacem
445 2320 649 2403 conciliavit,
681 2321 715 2384 in
748 2342 811 2404 quo
844 2323 939 2384 tanta
971 2319 1035 2384 fuit
1067 2319 1200 2400 ferocia,
1235 2345 1310 2388 cum

130 2406 265 2474 Catulus
293 2412 431 2493 negaret
454 2431 487 2473 se
510 2409 631 2474 bellum
661 2411 931 2492 compositurum,
958 2409 1023 2473 nisi
1051 2409 1107 2474 ille
1131 2431 1203 2474 cum
1230 2413 1309 2497 suis,

130 2499 229 2562 armis
252 2499 385 2582 relictis,
408 2495 519 2563 Sicilia
538 2494 773 2581 decederent4),
795 2500 833 2562 ut
852 2497 1081 2562 succumbente
1104 2498 1214 2582 patria
1237 2501 1309 2585 ipse

128 2587 309 2669 periturum
333 2609 367 2651 se
390 2587 499 2670 potius
523 2586 656 2668 diceret,
687 2607 784 2670 quam
807 2608 881 2650 cum
903 2589 996 2650 tanto
1020 2586 1147 2670 flagitio
1173 2587 1309 2655 domum

129 2674 263 2738 rediret:
295 2697 361 2741 non
389 2675 475 2739 enim
506 2697 582 2739 suae
615 2696 686 2739 esse
715 2674 846 2739 virtutis
875 2695 966 2739 arma
994 2677 1142 2759 apatria
1173 2681 1310 2762 accepta

131 2761 323 2828 adversariis
347 2763 482 2828 tradere.
529 2761 588 2829 Cui
611 2762 810 2848 pertinaciae
834 2759 970 2828 Catulus
993 2762 1099 2828 cessit.

96 2868 110 2915 1
219 2848 261 2914 II.
298 2850 344 2915 At
367 2850 438 2932 ille,
466 2855 503 2915 ut
527 2850 760 2937 Carthaginem
789 2853 893 2936 venit,
921 2851 1024 2916 multo
1048 2851 1180 2935 gravius
1208 2859 1310 2940 atque

131 2944 227 3003 antea
254 2960 322 3003 rem
351 2937 515 3023 publicam
548 2939 754 3004 laborantem
786 2941 948 3024 cognovit.
994 2938 1141 3025 Namque
1172 2949 1310 3027 propter

131 3026 378 3092 diuturnitatem
402 3028 527 3092 externi
550 3028 629 3092 mali
651 3031 780 3093 tantum
804 3029 927 3093 exarsit
949 3029 1140 3094 intestinum
1164 3031 1206 3110 [a.
1226 3032 1308 3116 241]

130 3117 261 3202 bellurn,
284 3120 321 3182 ut
338 3138 516 3200 numquam
536 3117 608 3202 pari
627 3113 803 3202 periculo⁶)
827 3117 925 3181 fuerit
944 3114 1121 3202 Carthago,
1144 3120 1208 3183 nisi
1233 3143 1309 3187 cum

93 3205 234 3272 adeleia
258 3209 316 3270 est.
362 3204 578 3270 Desciverunt
605 3206 820 3270 mercennarii
844 3205 979 3290 milites,
1009 3206 1125 3292 quibus
1149 3206 1307 3276 adversus

166 3414 691 3486 1)111111111111111111113111111-
745 3433 789 3471 wo
817 3434 848 3472 er
879 3433 930 3472 aus
963 3414 1055 3471 einem
1085 3415 1308 3475 verschiedenen

127 3485 258 3555 etellung,
278 3484 339 3540 dass
361 3486 410 3541 das
424 3486 549 3542 Verbum
568 3485 614 3541 die
628 3501 690 3540 vor·
744 3485 836 3542 Kasua
869 3490 1049 3542 entnommen
1080 3487 1191 3542 werden
1223 3490 1307 3559 musa,

126 3556 213 3612 letata
242 3554 330 3610 Stella
362 3559 401 3610 im
433 3559 515 3612 Satae
543 3556 691 3612 einnimmt
744 3559 783 3613 ist
801 3559 863 3613 eine
881 3556 1035 3628 Eigenheit
1052 3557 1102 3612 dea
1120 3558 1225 3628 Nepos.

126 3627 184 3681 und
212 3625 258 3680 ein
284 3625 397 3681 Genitiv
419 3627 479 3681 ihm
501 3628 691 3698 nachgeatellt
781 3629 803 3697 ⁰)
823 3629 938 3683 Catulus
961 3644 1018 3682 war
1041 3628 1149 3685 Konaul
1171 3635 1239 3696 242,
1266 3648 1308 3686 er·

126 3698 172 3753 111.
209 3698 285 3752 Aber
303 3697 459 3753 auflallend
486 3699 524 3753 111
542 3698 593 3754 dae
611 3698 691 3754 nicht
743 3699 1308 3770 1111111111(1111118113111111111111

127 3785 164 3823 an
183 3767 291 3822 Stellen
309 3768 363 3823 wie
376 3768 456 3824 Eum.
468 3767 541 3837 VIII,
558 3769 648 3838 1.·IX‚
663 3776 688 3824 6.
743 3775 805 3838 241,
825 3771 877 3826 ehe
895 3770 956 3825 sein
973 3769 1146 3841 Naohfolger
1163 3770 1204 3825 im
1219 3771 1306 3828 Amte

126 3839 178 3907 XI,
197 3846 227 3906 2,
256 3840 375 3894 sondern
402 3857 455 3893 nur
479 3839 528 3908 da,
556 3856 600 3894 wo
625 3839 689 3894 dem
742 3842 854 3897 ankam.
887 3841 945 3897 Das
959 3841 1175 3912 Konaulatsjabr
1192 3843 1309 3914 begann

124 3911 251 3966 Verbum
275 3909 321 3966 ein
344 3907 465 3966 Genetiv
492 3912 563 3965 ohne
590 3911 689 3966 beson·
742 3911 851 3967 damula
875 3915 934 3967 erat
951 3911 991 3966 im
1008 3911 1099 3981 Mara,
1124 3913 1199 3968 noch
1216 3915 1306 3984 nicht,

126 3984 192 4038 dere
212 3984 359 4052 Betonung
378 3981 460 4052 folgt,
479 3981 533 4037 wie
551 3980 612 4037 hier
630 3983 688 4036 und
742 3983 795 4039 wie
814 3987 924 4052 sptter,
944 4000 991 4037 am
1010 3989 1034 4039 1.
1052 3983 1165 4038 Ianuar.
1202 4008 1208 4018 .

125 4054 205 4109 Eum.
225 4052 298 4123 VIII,
318 4060 342 4108 6.
502 4090 524 4106 2
779 4055 801 4124 ⁴)
815 4053 852 4108 Er
861 4055 940 4110 batte
950 4053 995 4108 bis
1005 4054 1110 4109 1111111
1118 4054 1172 4109 mit
1180 4055 1306 4126 grolsem

165 4124 185 4192 ¹)
200 4125 252 4180 Die
263 4124 454 4195 Weglaseung
468 4123 545 4178 eines
560 4139 615 4178 cas.
631 4123 686 4179 obl.
744 4124 838 4178 Rubm
852 4123 898 4180 die
912 4123 984 4179 feste
995 4123 1079 4180 Stadt
1092 4125 1143 4180 auf
1155 4127 1220 4181 dem
1229 4125 1308 4198 Eryx

126 4196 174 4250 des
196 4197 371 4251 unbetonten
390 4195 562 4250 Pronomena
584 4192 622 4261 ia,
644 4211 688 4249 wo
742 4196 903 4265 verteidigt.
927 4195 1237 4266 DerPluralfibrigens
1253 4198 1307 4256 wie

126 4266 185 4321 sich
199 4266 327 4321 derselbe
346 4282 395 4320 aas
411 4266 466 4321 den
482 4265 688 4334 vorhergehen-
742 4267 827 4322 Phoc.
841 4265 876 4335 Π,
896 4273 922 4321 2.

126 4335 182 4391 den
199 4337 317 4393 Worten
336 4342 474 4407 ergtnnen
492 4336 572 4406 111111,
600 4335 689 4391 selbst
779 4339 801 4406 ⁶)
819 4337 900 4394 Anni.
920 4355 953 4391 zu
972 4335 1037 4392 Dat.
1057 4336 1090 4417 V,
1110 4345 1134 4393 3.
