2812 4786
441 176 475 233 II.
503 175 783 235 Taunus'roctas
808 185 931 237 8.9.10.
1229 184 1268 248 11

97 344 201 430 Argis
223 342 362 426 videbat,
385 339 560 426 Corcyram
583 339 787 424 demigravit.
828 340 879 407 Ihi
902 364 974 408 cum
998 345 1083 410 cives
1106 346 1270 430 principes

100 431 387 500 animadvertisset
407 431 531 512 timere,
553 449 595 493 ne
618 433 753 513 propter
775 453 809 496 sc
832 431 953 497 bellum
976 430 1091 521 illis¹⁰)
1114 434 1272 501 Lacedae·

100 522 204 588 monii
221 524 255 586 et
267 519 481 586 Athenienses
499 517 687 603 indicerent,
701 519 742 584 ad
755 516 940 604 Admetum,
952 520 1133 588 Molossum
1151 545 1271 612 regem,

100 634 175 677 cum
194 631 257 695 quo
274 609 401 674 nullum
420 609 450 673 ei
470 607 648 690 hospitium
667 612 745 693 erat,
768 608 923 695 confugit.
960 609 1009 676 Eo
1028 633 1100 676 cum
1119 614 1270 699 venisset,
1287 630 1306 679 4

99 722 164 786 quo
187 698 310 764 maiore
329 698 487 783 religione
506 717 541 762 se
558 698 725 780 receptum
744 718 800 761 rex
818 702 971 783 tueretur,
989 699 1092 765 filium
1111 701 1179 767 eius
1198 724 1271 786 par·

97 789 210 856 vulum
235 787 374 872 arripuit
397 790 430 851 et
452 807 525 852 cum
544 805 582 850 eo
606 806 641 850 se
663 784 698 850 in
722 786 908 871 sacrarium,
930 788 1015 871 quod
1039 812 1166 855 summa
1187 792 1270 857 cole·

96 879 195 943 batur·
221 875 432 961 caerimonia,
459 874 605 941 coniecit.
650 871 764 958 Neque
791 875 882 958 prius
910 896 1061 961 egressus
1083 883 1151 963 est,
1174 902 1271 966 quam

97 989 156 1031 rex
179 988 255 1031 eum
273 964 349 1030 data
368 963 481 1029 dextra
503 961 653 1028 infidam
675 964 843 1049 reciperet,
867 986 964 1049 quam
986 966 1041 1031 ille
1061 988 1270 1052 magnacum

96 1055 259 1140 religione
284 1053 455 1137 praestitit
500 1051 587 1117 Nam
621 1052 813 1136 supplicem,
841 1074 914 1118 cum
945 1055 986 1119 ab
1013 1054 1306 1122 Atheniensibuso

99 1148 134 1209 ct
151 1142 414 1209 Lacedaemoniis
438 1143 661 1225 exposceretur
679 1141 818 1225 publice,
835 1163 900 1208 non
920 1142 1063 1227 prodidit
1080 1146 1270 1230 monuitque

100 1236 140 1298 ut
163 1231 227 1298 sibi
250 1231 444 1297 consuleret:
472 1229 603 1295 difficile
631 1229 717 1292 enim
741 1251 811 1295 esse
833 1232 869 1296 in
896 1235 964 1296 tam
991 1233 1175 1318 propinquo
1199 1235 1271 1300 loco

100 1325 174 1386 tuto
197 1342 271 1386 eum
293 1320 426 1386 versari.
470 1318 586 1404 Itaque
608 1317 754 1401 Pydnam
778 1341 851 1385 eum
874 1320 987 1387 deduci
1009 1321 1106 1387 iussit
1128 1326 1162 1387 et
1184 1323 1268 1406 quod

98 1410 181 1476 satis
208 1412 296 1475 esset
327 1408 482 1493 praesidii
509 1407 605 1472 dedit.
649 1404 710 1471 Ille
741 1407 776 1472 in
807 1430 924 1474 navem
956 1411 1107 1476 omnibus
1139 1413 1307 1497 ignotuss

97 1498 254 1565 ascendit.
299 1497 389 1575 Quae
414 1518 487 1562 cum
509 1496 704 1578 tempestate
729 1498 871 1562 maxima
893 1497 1024 1565 Naxum
1046 1501 1193 1584 ferretur,
1216 1502 1273 1566 ubi

95 1593 170 1654 tum
197 1587 446 1653 Atheniensium
474 1590 544 1650 erat
569 1586 743 1670 exercitus,
770 1587 873 1652 sensit
899 1587 1149 1668 Themistocles,
1178 1591 1206 1655 si
1234 1612 1271 1655 eo

98 1677 314 1764 pervenisset,
346 1675 410 1741 sibi
442 1696 512 1740 esse
549 1673 757 1759 pereundum.
806 1673 879 1740 Hac
910 1678 1104 1741 necessitate
1141 1681 1271 1743 coactus

99 1765 233 1830 domino
254 1764 361 1847 navis,
384 1763 456 1849 quis
480 1765 536 1847 sit,
560 1761 678 1846 aperit,
707 1763 809 1827 multa
831 1764 1010 1848 pollicitus,
1034 1765 1063 1829 si
1087 1787 1120 1830 se
1144 1787 1272 1831 conser-

98 1858 218 1920 vasset
246 1856 293 1919 At
310 1854 365 1919 ille
384 1853 556 1917 clarissimi
576 1849 638 1916 riri
656 1853 770 1934 captus
789 1852 1011 1918 misericordia
1024 1853 1110 1920 diem
1129 1858 1270 1920 noctem·
1290 1873 1305 1921 ‘1

98 1964 163 2027 que
185 1943 299 2028 procul
323 1942 364 2006 ab
392 1941 499 2006 insula
521 1941 555 2006 in
578 1941 647 2005 salo
675 1961 791 2005 navem
814 1941 920 2006 tenuit
950 1964 1054 2028 neque
1077 1965 1272 2029 quemquam

98 2053 141 2096 ex
164 2053 204 2096 ea
225 2031 311 2096 exire
333 2051 450 2115 passus
474 2034 531 2099 est
561 2029 640 2095 Inde
658 2026 824 2112 Ephesum
848 2031 995 2114 pervenit
1018 2033 1128 2117 ibique
1143 2032 1272 2097 'Phemi-

100 2121 237 2186 stoclem
261 2120 407 2205 exponit3
430 2120 485 2203 qui
508 2119 558 2183 illi
580 2141 639 2203 pro
664 2119 788 2183 meritis
811 2123 925 2203 postea
944 2122 1084 2205 gratiam
1106 2122 1241 2186 rettulit.

187 2208 245 2274 IX
281 2207 354 2275 Scio
377 2209 548 2292 plerosque
571 2208 619 2272 ita
642 2207 825 2291 scripsisse,
847 2207 1099 2276 Themistoclem
1121 2207 1272 2294 Xerxe¹⁷)
1293 2228 1306 2276 1

97 2304 259 2383 regnante
281 2298 315 2362 in
337 2297 451 2362 Asiam
475 2298 640 2363 transisse.
688 2296 750 2361 Sed
775 2318 836 2382 ego
860 2299 1067 2381 potissimum
1091 2297 1272 2381 Thucydidi

98 2387 213 2472 credo,
236 2388 321 2472 quod
344 2389 377 2450 et
400 2390 505 2450 aetate
528 2387 696 2469 proximus
720 2385 758 2449 de
780 2386 832 2466 iis,
856 2387 912 2469 qui
935 2386 1067 2450 illorum
1090 2389 1272 2469 temporum

96 2475 273 2540 historiam
299 2475 512 2559 reliquerunt,
540 2480 573 2539 et
595 2476 737 2541 eiusdem
764 2474 904 2538 civitatis
932 2474 1005 2539 fuit
1042 2474 1074 2538 Is
1099 2476 1207 2538 autem
1226 2475 1274 2538 ait

100 2564 143 2628 ad
158 2564 372 2629 Artaxerxem
391 2584 463 2628 eum
478 2564 607 2629 venisse
627 2569 724 2647 atque
743 2562 795 2626 his
814 2561 920 2626 verbis
940 2563 1112 2645 epistulam
1131 2564 1272 2628 misisse:

99 2651 351 2718 ‘Themistocles
365 2653 440 2726 veni
459 2652 499 2716 ad
518 2657 560 2734 te,
579 2654 635 2737 qui
653 2651 795 2736 plurima
813 2651 901 2715 mala
915 2651 1060 2716 omnium
1075 2650 1273 2718 Graecorum
1291 2669 1307 2717 a

97 2741 135 2805 in
160 2740 292 2815 domum
312 2745 403 2806 tuam
425 2741 535 2824 intuli,
559 2763 655 2825 quam
679 2741 734 2806 diu
757 2739 839 2803 mihi
861 2761 992 2806 necesse
1016 2741 1079 2806 fuit
1103 2741 1273 2807 adversum

96 2832 228 2914 patrem
249 2834 341 2895 tuum
360 2831 482 2895 bellare
501 2833 703 2914 patriamque
722 2850 828 2894 meam
847 2827 1027 2895 defendere.
1059 2830 1148 2895 Idem
1168 2831 1271 2895 multo
1291 2848 1308 2896 a

96 2919 196 3003 plura
217 2919 304 2984 bona
330 2919 407 3002 feci,
434 2924 609 3003 postquam
631 2921 667 2984 in
690 2923 763 2984 tuto
786 2919 870 3002 ipse,
899 2917 954 2983 ille
978 2919 1013 2983 in
1035 2920 1178 3003 periculo
1203 2940 1273 2984 esse

97 3008 215 3090 coepit
256 3006 342 3074 Nam
366 3028 439 3072 cum
461 3010 496 3072 in
515 3009 630 3072 Asiam
653 3008 773 3073 reverti
795 3008 906 3090 reflat,
929 3008 1053 3090 proelio
1076 3008 1161 3092 apud
1186 3005 1274 3072 Sala·

95 3095 188 3161 mina
209 3095 311 3181 facto,
333 3096 451 3162 litteris
476 3118 549 3162 eum
572 3098 741 3162 certiorem
766 3096 841 3178 feci,
864 3095 897 3159 id
920 3097 974 3181 agi
997 3101 1034 3161 ut
1056 3118 1154 3179 pons,
1179 3117 1273 3179 quem

98 3187 136 3250 in
158 3184 374 3269 Hellesponto
396 3185 527 3268 fecerat,
550 3186 787 3270 dissolveretur,
810 3184 879 3268 ipse
900 3186 941 3250 ab
964 3183 1115 3250 hostibus
1139 3184 1272 3249 circum-

97 3274 218 3340 iretur:
251 3297 314 3359 quo
342 3274 457 3338 nuntio
489 3274 546 3338 ille
578 3275 721 3358 periculo
750 3277 800 3338 est
828 3273 994 3339 liberatus.
1040 3271 1135 3337 Nunc
1164 3276 1309 3337 autem

98 3362 233 3448 confugi
256 3363 297 3428 ad
318 3366 352 3427 te
375 3363 558 3447 exagitatus
582 3385 602 3427 a
625 3367 741 3428 cuncta
764 3361 916 3444 Graecia,
943 3365 1035 3425 tuam
1057 3364 1170 3444 petens
1195 3361 1274 3426 ami-

98 3451 226 3516 citiam:
254 3473 351 3536 quam
380 3451 409 3516 si
436 3472 490 3515 ero
515 3451 667 3535 adeptus,
695 3471 761 3515 non
783 3450 889 3513 minus
913 3471 965 3514 me
989 3450 1110 3514 bonum
1135 3452 1274 3517 amicum

95 3539 237 3605 habebis
265 3562 362 3625 quam
390 3539 509 3605 fortem
536 3540 591 3604 ille
619 3540 785 3604 inimicum
818 3543 968 3622 expertus
998 3543 1055 3605 est.
1100 3539 1137 3604 Id
1167 3544 1274 3606 autem

97 3649 194 3715 rogo,
216 3633 268 3715 ut,
290 3630 408 3715 quibus
432 3628 590 3694 derebus
613 3632 721 3694 tecum
745 3628 888 3712 colloqui
908 3629 997 3712 volo,
1026 3651 1169 3694 annuum
1193 3629 1275 3694 mihi

96 3720 227 3802 tempus
251 3719 308 3784 des
331 3738 432 3803 eoque
456 3721 621 3783 transacto
645 3740 697 3783 me
721 3717 761 3782 ad
784 3720 818 3782 te
841 3718 949 3782 venire
973 3717 1131 3801 patiaris?

187 3806 228 3875 X.
254 3807 394 3872 Tantam
413 3828 469 3871 rex
487 3807 587 3871 animi
609 3806 868 3893 magnitudinem
892 3807 1055 3871 admirans
1078 3807 1273 3891 cupiensque
1294 3822 1309 3870 1

95 3897 198 3961 talem
229 3898 335 3962 virum
369 3896 432 3960 sibi
464 3895 632 3960 conciliari
663 3895 791 3961 veniam
824 3894 920 3960 dedit.
965 3894 1026 3959 Ille
1065 3916 1158 3959 omne
1193 3894 1274 3959 illud

96 3987 226 4069 tempus
240 3986 359 4051 litteris
375 3984 580 4068 sermonique
593 3982 767 4050 Persarum
782 3983 883 4048 dedit:
898 3984 1016 4067 quibus
1033 3983 1112 4048 adeo
1129 3983 1273 4047 eruditus

96 4075 163 4159 est,
190 4078 227 4139 ut
260 4075 363 4139 multo
392 4073 591 4139 commodius
620 4072 745 4139 dicatur
778 4072 862 4156 apud
890 4091 1000 4157 regem
1028 4073 1127 4136 verba
1158 4071 1274 4136 fecisse

136 4283 171 4354 re)
193 4283 227 4339 D.
238 4285 265 4340 h.
280 4286 335 4339 den
354 4284 537 4356 Corcyram,
554 4284 676 4340 welcher
759 4283 793 4354 ¹⁷)
811 4282 916 4337 Xerxes
936 4285 1087 4349 lea-473,
1106 4278 1275 4336 Artaxerxes

94 4353 675 4427 BegriffausOorcyramauentnehmenist.
720 4354 876 4409 Macrochir
894 4357 1044 4407 tua-425.
