2812 4786
520 206 685 265 ATTICUS.
712 215 734 263 1.
754 215 780 264 2.
1194 212 1236 276 85

63 377 99 438 iu
114 374 195 439 Asia
218 377 314 440 rebus
337 375 448 459 gestis.
484 372 592 457 Ipsius
613 375 721 436 cutem
744 393 795 436 res
815 372 900 437 bello
923 376 1031 456 gestas
1051 396 1123 438 cum
1142 376 1236 438 multi
1255 391 1271 438 3

64 468 135 527 tum
155 464 217 527 duo
242 463 418 528 memoriae
437 461 657 545 prodiderunt,
676 460 731 543 qui
754 482 826 525 cum
850 482 887 525 eo
911 462 946 525 in
969 461 1084 526 castris
1107 462 1236 526 fuerunt

65 553 233 637 simulque,
253 552 408 636 quamdiu
432 554 562 615 fortuna
585 569 683 633 passa
707 553 764 632 est,
783 549 942 633 vixerunt,
961 549 1090 615 Silenus
1110 549 1235 616 Siculus

64 645 97 704 et
126 639 250 705 Sosilus
274 639 557 706 Lacedaemonius.
603 640 710 720 Atque
738 637 800 701 hoc
823 637 930 702 Sosilo
959 638 1125 703 Hannibal
1149 639 1236 704 litte-

64 752 173 794 rarum
197 728 394 794 Graecarum
418 749 493 792 usus
517 731 568 791 est
590 725 731 790 doctore.

153 816 214 882 Sed
229 840 290 882 nos
304 823 433 900 tempus
454 818 504 880 est
520 815 618 880 huius
637 815 713 878 libri
731 814 836 895 facere
850 814 949 879 finem
968 819 1001 879 et
1014 814 1236 881 Romanorum
1255 832 1271 880 4

64 907 225 990 explicare
249 908 475 989 imperatores,
506 927 569 989 quo
593 903 722 968 facilius
747 902 876 968 collatis
899 907 1109 987 utrorumque
1133 906 1237 989 factis,

63 997 128 1059 utri
152 995 352 1078 praeferendi
376 995 451 1077 siut,
474 993 580 1077 possit
603 990 739 1057 iudicari
748 989 796 1078 ³⁹).

544 1181 757 1188 *—

233 1311 299 1399 (Ex
321 1312 405 1377 libro
430 1313 468 1376 de
492 1311 603 1376 latinis
626 1307 825 1397 historicis1)
850 1313 917 1375 vita
939 1308 1066 1398 Attici.)

542 1490 754 1563 ATTIOUS.

152 1629 176 1694 I.
216 1629 252 1692 T.
274 1628 475 1713 Pomponius
498 1628 644 1711 Atticus,
671 1629 712 1692 ab
736 1629 860 1712 origine
889 1630 1005 1694 ultima
1036 1631 1148 1714 stirpis
1171 1630 1269 1694 lto-1

63 1741 177 1783 manae
205 1714 427 1803 generatus2),
461 1740 480 1782 a
507 1716 686 1782 maioribus
714 1722 879 1800 acceptam
907 1723 1064 1801 perpetuo
1095 1719 1237 1783 obtinuit

62 1807 256 1891 dignitatem
288 1812 479 1892 equestrem.
525 1805 623 1870 Patre
655 1827 733 1869 usus
761 1813 811 1870 est
838 1805 989 1890 diligenti
1017 1810 1064 1889 et,
1101 1812 1138 1871 ut
1165 1810 1270 1871 tuma

61 1901 154 1959 erant
186 1900 346 1978 tempora,
381 1894 439 1958 diti
466 1894 502 1958 in
534 1894 710 1979 primisque
743 1895 889 1959 studioso
920 1895 1113 1960 litterarum.
1164 1895 1236 1980 Qui,

62 1990 161 2067 prout
184 1984 254 2067 ipse
278 1984 411 2048 amabat
433 1984 570 2064 litteras,
594 1983 743 2048 omnibus
768 1984 937 2070 doctrinis,
960 1984 1078 2068 quibus
1101 1985 1235 2069 puerilis

61 2077 151 2137 aetas
180 2073 341 2156 impertiri
369 2072 477 2157 debet,
504 2073 609 2136 filium
637 2071 786 2137 erudivit.
830 2071 912 2137 Erat
939 2079 1047 2138 autem
1077 2074 1112 2137 in
1135 2091 1270 2157 pueros

60 2164 191 2243 praeter
219 2161 418 2226 docilitatem
447 2160 572 2248 ingenii
595 2182 721 2225 summa
750 2162 893 2227 suavitas
922 2163 986 2226 oris
1018 2167 1114 2246 atque
1137 2163 1235 2244 rocio,

62 2254 186 2313 utnon
210 2250 315 2314 solum
339 2250 486 2314 celeriter
516 2252 676 2333 acciperet
698 2272 780 2334 quae
803 2251 1029 2333 tradebantur,
1058 2249 1234 2314 sedetiam

60 2339 256 2403 excellenter
284 2341 518 2420 pronuntiaret.
567 2337 681 2421 Itaque
710 2360 784 2402 cum
816 2338 936 2402 nobilis
969 2339 1054 2401 inter
1084 2338 1235 2421 aequales

60 2427 201 2489 ferretur
220 2425 402 2508 clariusque
421 2425 710 2509 exsplendesceret,
733 2448 831 2508 quam
850 2426 1000 2509 generosi
1024 2425 1235 2507 condiscipuli

61 2513 169 2578 animo
199 2534 301 2597 aequo
331 2513 415 2577 ferre
443 2517 592 2597 possent,
620 2535 678 2577 suo
703 2513 811 2578 studio
835 2534 947 2578 omnes
970 2513 1139 2578 incitabat:
1172 2531 1272 2598 quor

60 2605 247 2666 in'numero
266 2601 397 2665 fuerunt
414 2601 450 2669 L.
464 2598 693 2688 Torquatusl),
713 2600 748 2667 O.
757 2601 882 2666 Marius
901 2599 1031 2689 filius4),
1049 2602 1093 2666 M.
1109 2600 1234 2668 Cicero:

61 2713 142 2774 quos
176 2690 408 2754 cousuetudine
440 2690 487 2756 sio
520 2690 583 2754 sibi
616 2690 775 2771 devinxit,
807 2696 845 2755 ut
876 2712 973 2754 nemo
1006 2691 1046 2756 iis
1079 2696 1235 2775 perpetuo

60 2779 159 2843 fuerit
183 2780 297 2843 carior.

150 2866 192 2931 ΙΙ.
228 2866 327 2931 Pater
355 2870 481 2930 mature
511 2867 657 2932 decessit.
701 2867 776 2951 lpse
800 2867 1075 2952 adulescentulus,
1102 2873 1270 2953 propterl

60 2955 273 3039 adfinitatem,
291 2953 327 3020 P.
342 2952 521 3039 Sulpiciil),
540 2956 596 3041 qui
614 2956 765 3022 tribunus
784 2957 891 3040 plebis
909 2956 1099 3021 interfectus
1120 2959 1161 3038 [a.
1177 2958 1232 3036 88]

60 3041 155 3128 esu),
178 3066 245 3108 non
270 3066 384 3127 expers
402 3043 465 3109 fuit
483 3045 631 3128 periculi:
658 3067 799 3131 namque
819 3045 945 3129 Anicia,
963 3045 1137 3128 Pomponii
1160 3066 1236 3109 con-

60 3133 205 3215 sobrina,
233 3141 389 3216 nupserat
417 3130 577 3219 Servio⁷),
603 3133 698 3198 fratri
727 3133 870 3216 Sulpicii.
920 3134 1034 3216 Itaque
1062 3133 1270 3197 interfector

59 3321 114 3428 zu}
137 3321 228 3373 gegeu
251 3303 296 3358 die
320 3323 367 3358 um
391 3304 437 3359 dic
460 3305 542 3360 Mitte
570 3307 618 3360 des
710 3308 730 3374 Β)
750 3304 858 3360 Gehbrt
885 3307 964 3360 mehr
992 3323 1025 3359 zu
1048 3303 1168 3374 periculi
1191 3305 1234 3360 als

59 3381 83 3430 3.
112 3374 191 3429 ahrh.
205 3376 235 3428 in
250 3376 436 3431 Vorderasien
451 3377 617 3446 eingedrun-
672 3397 705 3432 zu
724 3378 908 3432 adfinitatem.

57 3445 617 3515 geueuceltiscbeuGalateroderGallo·
708 3484 730 3553 0,
749 3484 808 3538 Μ
832 3483 928 3538 ,einen
952 3483 1061 3554 ΑΜΒ
1086 3499 1145 3536 war
1168 3483 1234 3537 dem

56 3517 617 3658 rutraallamannia
672 3553 1234 3610 ....0....f..1...a..

58 3657 209 3712 besonders
224 3659 270 3713 die
283 3658 408 3714 Rhodier
423 3659 476 3714 mit
490 3659 617 3716 Gebiets·
671 3626 818 3751 dffifflen
842 3625 944 3695 Kriege
967 3627 1071 3680 Wieder
1095 3629 1235 3697 enlzogen

58 3730 277 3796 erweiterungeu
295 3730 417 3784 bedacht
434 3733 556 3786 wurdeu.
670 3714 695 3752 w
749 3714 791 3752 ω’

94 3798 127 3901 Ξθ)
146 3797 226 3852 Anm.
247 3819 280 3853 au
298 3801 389 3857 Prael.
409 3807 433 3856 8.
708 3804 729 3871 ⁷)
751 3801 862 3856 Servius
882 3803 928 3886 ‘ist
956 3803 1109 3885 eigentlich
1133 3802 1179 3856 ein
1202 3803 1232 3856 in

94 3869 528 4011 pqqqn.pzo11mlgqqeiqrsiesteten
556 3941 616 3998 sich
670 3872 1232 4012 ssqqsqqnlprplqleppqqsuplrglqlep,gqpqaarppe

57 4029 111 4064 von
129 4011 235 4067 Nomas
255 4011 348 4067 Sobno
366 4012 472 4082 Pompo
491 4016 537 4069 ab.
672 4016 740 4070 aber
748 4015 820 4070 noch
829 4016 884 4070 den
894 4013 1064 4070 besoudereu
1071 4012 1231 4067 Vornameu

94 4083 115 4141 ³)
135 4083 303 4138 Beruhmter
321 4083 440 4152 Redner,
454 4084 560 4139 Kousul
578 4086 618 4140 im
673 4087 792 4142 Marcus.
809 4087 871 4141 Und
881 4086 910 4140 in
920 4086 1044 4140 solchem
1051 4083 1129 4137 Falla
1139 4084 1232 4138 wurde

55 4153 80 4208 J.
101 4160 141 4207 65.
673 4155 833 4227 uberhaupt
850 4157 937 4210 oftors
961 4157 1011 4209 der
1036 4155 1233 4225 allgemeinere

95 4224 117 4291 4)
137 4224 285 4280 Flu'ohtete
304 4225 346 4280 als
361 4225 470 4282 Konsul
490 4225 529 4280 im
543 4226 568 4280 J.
585 4233 618 4281 82
672 4229 813 4284 Vorname
827 4228 869 4282 als
880 4227 1057 4282 Gentilname
1070 4224 1232 4282 bohandelt.

59 4296 131 4348 nach
161 4293 310 4364 Praneste‚
339 4298 470 4352 woselbst
502 4314 532 4351 er
564 4315 619 4352 von
672 4298 735 4369 Vgl
765 4298 811 4353 die
839 4298 1035 4367 Bezeichnung
1065 4296 1114 4352 via
1140 4299 1234 4367 Appia

60 4365 153 4420 Sullas
172 4365 344 4436 Anhangern
362 4371 471 4436 getbtet
491 4369 593 4424 wurde.
673 4372 744 4425 statt
762 4368 809 4426 via
828 4367 953 4423 Claudia.
991 4369 1027 4423 So
1051 4368 1137 4423 beilst
1161 4370 1233 4424 auch
