2812 4786
131 170 176 234 42
511 169 584 226 ΧΙΠ.
611 168 830 225 TIMOTHBUS.
857 174 882 224 3.
902 177 928 226 4.

132 331 253 418 bello³)
277 333 495 398 Athenienses
520 333 656 398 ducenta
679 333 802 398 talenta
826 334 1100 417 consumpserant.
1143 331 1231 396 Bam
1254 333 1310 396 ille

134 427 304 507 pecuniam
323 423 442 507 populo
461 421 612 486 restituit.
651 420 730 487 lnde
748 422 784 486 in
798 419 1036 487 Chersonesum
1054 419 1144 486 navi·
1168 422 1213 502 [a.
1228 420 1305 502 365]

98 528 114 576 5
135 512 225 597 gavit
243 508 500 595 Chrithotenque
519 515 552 574 et
570 508 731 596 Sestum⁴)
755 511 790 574 in
813 511 910 575 fidem
935 510 1066 594 accepit
1112 508 1199 574 Tum
1223 510 1305 575 bello

136 622 208 665 cum
227 598 393 684 Olynthiis
413 603 561 685 suscepto
584 600 758 665 nonnullas
781 599 817 663 in
840 621 879 664 ea
896 599 1028 684 regione
1046 598 1143 663 urbes
1168 599 1213 679 [a.
1228 598 1303 680 364]

134 690 345 774 expugnavit,
382 689 557 773 eodemque
593 688 661 753 fere
693 692 839 772 tempore
877 688 1030 753 adversus
1063 685 1244 771 Byzantios
1276 693 1304 752 et

134 775 260 857 Cotum,
282 799 393 863 regem
416 776 602 862 Thraeciae,
627 777 799 861 dimicavit,
823 775 975 860 Cyzicum
999 776 1168 841 obsidione
1193 777 1303 841 libera

134 865 190 931 vit.
235 866 359 942 Quibus
391 866 541 933 omnibus
573 888 612 930 ex
640 866 735 931 bellis
770 866 857 930 mille
888 868 921 930 et
950 865 1088 930 ducenta
1116 865 1244 930 talenta
1272 865 1305 929 iu

135 955 301 1038 publicum
323 955 490 1022 rettulisse
513 955 638 1020 dicitur.

99 1060 113 1108 1
222 1044 281 1109 III.
314 1043 375 1110 Sed
408 1067 481 1110 cum
513 1047 599 1109 esset
630 1066 750 1130 magno
777 1046 857 1108 natu
885 1047 917 1107 et
949 1043 1159 1124 magistratus
1194 1062 1307 1128 gerere

135 1132 280 1215 desisset,
303 1134 389 1198 bello
404 1132 620 1197 Athenienses
640 1133 780 1217 undique
803 1132 907 1216 premi
930 1134 1006 1196 sunt
1028 1132 1143 1216 coepti.
1168 1132 1211 1212 [a.
1227 1131 1305 1212 357]

136 1221 332 1287 Defecerant
350 1221 541 1306 Byzantium
561 1225 595 1286 et
617 1221 743 1286 insulae
762 1216 988 1306 complures5),
1011 1220 1108 1285 simul
1125 1218 1311 1304 Philippus,

137 1312 202 1375 iam
225 1316 295 1375 tum
318 1310 453 1394 validus,
475 1310 579 1375 multa
601 1310 807 1375 moliebatur:
831 1309 882 1375 cui
906 1309 993 1374 bello
1018 1309 1158 1394 gerendo
1183 1305 1310 1374 Chares

100 1414 209 1463 acum
231 1398 414 1483 praefectus
433 1403 526 1483 esset,
550 1421 616 1464 non
636 1398 716 1464 satis
739 1399 775 1462 in
798 1420 836 1464 eo
855 1397 1008 1482 praesidii
1031 1398 1216 1481 putabatur.
1254 1397 1312 1462 Fit

135 1486 341 1552 Menestheus
364 1489 507 1571 praetor,
525 1488 615 1574 'filius
635 1486 822 1573 Iphicratis,
846 1507 945 1571 gener
967 1486 1140 1573 Timothei,
1163 1488 1207 1567 [a.
1226 1486 1310 1568 355]

135 1579 176 1660 et,
199 1579 236 1640 ut
260 1577 299 1641 ad
323 1577 444 1641 bellum
463 1577 696 1660 proficiscatur,
721 1576 912 1641 decernitur.
950 1574 1035 1640 Huic
1058 1575 1205 1660 collegae
1229 1575 1310 1639 dan·

134 1667 188 1729 tur
217 1665 280 1729 duo
310 1688 371 1730 usu
403 1666 625 1750 sapientiaque
656 1668 859 1749 praestantes
892 1665 970 1749 viri,
1003 1683 1138 1748 quorum
1170 1664 1313 1730 oonsilio

134 1757 288 1836 uteretur,
311 1760 404 1838 pater
428 1758 461 1819 et
483 1777 582 1838 socer,
606 1754 692 1839 quod
714 1755 749 1818 in
771 1753 824 1818 his
846 1757 941 1818 tanta
965 1757 1036 1818 erat
1060 1753 1249 1838 auctoritas,
1272 1757 1313 1818 ut

99 1859 252 1928 amagna
276 1865 349 1926 spes
373 1846 459 1908 esset
481 1865 539 1927 per
564 1865 619 1909 eos
643 1844 763 1908 amissa
786 1864 882 1927 posse
909 1843 1099 1926 recuperari.
1146 1841 1311 1917 Quicum

133 1931 329 2014 Byzantium
354 1931 585 1996 contenderent
607 1936 641 1996 et
663 1931 774 1996 eodem
794 1929 915 1996 Chares
939 1932 1070 1995 illorum
1094 1930 1237 1996 adventu
1256 1953 1312 1995 co·

134 2019 242 2104 gnito,
269 2019 411 2103 nequid
439 2020 573 2084 absente
602 2023 787 2105 segestam
811 2021 986 2104 videretur,
1014 2042 1088 2085 cum
1112 2019 1179 2084 suis
1204 2019 1311 2105 copiis

133 2108 403 2192 proficisceretur,
434 2106 564 2192 accidit,
592 2108 667 2173 dum
696 2109 736 2172 ad
770 2109 925 2193 oppidum
958 2109 1238 2193 appropinquant,
1272 2113 1313 2173 ut

134 2217 253 2281 magna
266 2201 443 2281 tempestas
459 2203 617 2262 oreretur:
632 2219 729 2282 quam
743 2198 865 2262 evitare
876 2197 938 2261 duo
952 2201 1076 2263 veteres
1091 2199 1312 2281 imperatores

99 2287 213 2351 4utile
238 2284 388 2351 arbitrati
412 2308 505 2352 suam
528 2287 666 2351 classem
689 2290 948 2370 suppresserunt.
985 2286 1031 2351 At
1053 2287 1109 2351 ille
1131 2286 1313 2351 temeraria

134 2398 211 2441 usus
234 2376 360 2441 ratione
382 2399 448 2441 non
472 2376 570 2441 cessit
592 2376 751 2440 maiorum
773 2377 853 2440 natu
877 2375 1072 2459 auctoritati,
1095 2379 1137 2460 et,
1159 2378 1196 2439 ut
1222 2377 1251 2440 si
1275 2375 1312 2440 in

135 2487 194 2529 sua
215 2466 293 2531 navi
316 2470 400 2531 esset
425 2465 571 2549 fortuna,
599 2487 663 2549 quo
691 2465 914 2543 contenderat,
942 2463 1102 2548 pervenit,
1131 2464 1311 2549 eodemque

134 2559 171 2618 ut
198 2559 420 2639 sequerentur,
448 2555 488 2619 ad
512 2554 718 2619 Timotheum
747 2559 780 2616 et
806 2552 1003 2637 Iphicratem
1031 2553 1181 2618 nuntium
1208 2555 1311 2619 misit

135 2641 198 2707 Sed
225 2643 307 2706 male
335 2664 370 2707 re
398 2645 490 2727 gesta
514 2643 796 2727 compluribusque
827 2641 953 2706 amissis
981 2641 1118 2706 navibus
1141 2663 1192 2728 eo,
1223 2643 1311 2707 unde

135 2733 205 2794 erat
231 2731 409 2813 profectus,
440 2752 474 2793 55
501 2732 624 2813 recepit
651 2731 839 2814 litterasque
866 2729 1015 2795 Athenas
1047 2730 1174 2814 publice
1206 2731 1312 2816 misit,

135 2817 197 2881 sibi
228 2818 371 2901 proclive
403 2818 502 2882 fuisse
534 2816 728 2901 Byzantium
761 2841 888 2903 capere,
920 2819 983 2884 nisi
1016 2842 1035 2883 a
1067 2819 1241 2885 Timotheo
1276 2828 1310 2885 et

99 2939 115 2988 ὅ
136 2904 297 2990 Iphicrate
322 2906 468 2970 desertus
492 2912 583 2970 esset.
620 2906 763 2989 Populus
787 2930 859 2972 acer
883 2911 916 2972 et
939 2909 1087 2991 suspicax
1108 2909 1149 2973 ob
1171 2930 1310 2992 eamque

134 3016 202 3059 rem
212 2995 520 3082 mobilis,imprimis
529 2995 695 3080 potentiae
706 2996 910 3061 adversarius
922 3001 1018 3081 atquc
1029 2997 1167 3081 invidus,
1175 2997 1312 3062 domum

134 3084 207 3150 illos
226 3091 371 3150 revocat:
396 3090 588 3150 accusantur
605 3084 806 3168 proditionis.
844 3085 893 3150 Bo
912 3085 1030 3150 iudicio
1050 3085 1138 3150 dam·
1162 3087 1204 3166 [a.
1225 3086 1308 3168 354]

133 3177 229 3238 natur
252 3173 443 3240 Timotheus
466 3174 570 3258 lisque
595 3175 662 3238 eius
693 3174 884 3239 aestimatur
913 3179 1042 3239 centum
1067 3174 1207 3239 talentis.
1246 3174 1310 3240 Ille

135 3263 209 3328 odio
233 3264 382 3348 ingratae
405 3263 547 3328 civitatis
571 3260 756 3327 Chalcidem
780 3285 813 3327 se
837 3263 985 3328 contulit.

102 3385 116 3433 1
225 3351 282 3417 IV.
311 3351 411 3417 Cuius
438 3356 514 3436 post
541 3348 712 3439 morteml)
741 3374 813 3416 cum
841 3353 995 3436 populum
1023 3351 1133 3417 iudicii
1159 3352 1208 3416 sui
1231 3374 1310 3435 pae-

135 3440 267 3523 niteret,
291 3441 413 3505 multae
435 3463 551 3506 novem
574 3445 683 3524 partes
707 3440 847 3505 detraxit
870 3445 903 3505 et
926 3441 1033 3506 decem
1055 3441 1179 3505 talenta
1201 3439 1311 3507 Cono-

133 3551 221 3613 nem,
244 3529 344 3593 filium
369 3531 451 3613 eius,
474 3531 514 3594 ad
538 3529 622 3594 muri
646 3530 809 3615 quandam
832 3533 958 3613 partem
981 3529 1184 3594 reficiendam
1207 3529 1310 3595 iussit

135 3617 218 3681 dare.
255 3615 326 3692 Qua
344 3617 378 3680 in
396 3639 430 3680 re
449 3619 599 3683 fortunae
617 3620 757 3684 varietas
782 3623 831 3682 est
850 3618 1084 3684 animadversa.
1117 3617 1205 3682 Nam
1223 3639 1309 3701 quos

171 3844 192 3913 ³)
211 3848 263 3898 439
281 3845 364 3898 unter
381 3844 511 3900 Pericles.
746 3845 845 3900 stehen
859 3846 979 3913 konnen,
996 3846 1056 3900 sich
1070 3843 1199 3901 auildste.
1225 3843 1312 3901 Denn

171 3916 192 3983 ⁴)
211 3915 297 3970 Beide
313 3915 412 3970 St'adte
426 3916 563 3984 gehbrten
581 3932 629 3969 zur
643 3915 691 3970 Sa·
746 3918 839 3971 Athen
863 3916 966 3972 musste
991 3917 1161 3972 schlielslich
1184 3915 1239 3970 den
1259 3916 1311 3973 ab·

133 3987 225 4091 555515
245 3988 294 4070 (155
312 3986 523 4041 Ariobarzanes.
746 3987 906 4071 gafallenen
938 3987 1187 4070 Bundesgenossen
1217 3986 1311 4043 Auto·

133 4129 172 4184 ist
182 4055 692 4210 511055151Εέ51555555555515515ῗίΒ55555155ἒ5ῗ
745 4074 887 4185 5551555558
888 4058 968 4183 eddd
969 4058 1161 4185 Υ5155555555ιέ
1163 4058 1312 4186 eqepupqh

133 4200 314 4271 nossenkrieg
328 4200 542 4270 (atu-ato),1n
556 4201 693 4255 walchem
745 4201 901 4272 mndeten
919 4201 1130 4255 Secherrschaft
1143 4201 1251 4255 Athens
1272 4202 1313 4256 ist

134 4270 179 4326 die
203 4271 287 4326 letzte
313 4271 486 4338 griechische
510 4270 620 4338 Macht,
647 4272 693 4326 die
747 4290 776 4327 es
794 4289 853 4326 nun
870 4272 976 4327 vorbei.

133 4342 246 4412 Philipp
253 4341 499 4397 vonMacedonien
508 4343 587 4397 55555
594 4344 693 4398 wider·
783 4343 805 4411 ⁶)
824 4343 863 4396 nr
881 4343 958 4398 starb
977 4344 1049 4398 noch
1067 4343 1106 4397 im
1124 4342 1210 4398 Jahre
1229 4349 1295 4401 ³64.
