2812 4786
393 203 398 213 .
445 166 505 221 VII.
533 166 759 224 ALCIBIADES.
783 172 807 222 8.
823 174 848 223 9.
1191 168 1235 234 25

53 334 111 395 ter
141 332 198 394 aut
224 329 386 394 malitiose
415 330 531 395 fecisse
555 330 776 415 loquerentur,
800 330 885 395 sicut
913 333 983 395 tum
1007 332 1135 396 accidit:
1159 355 1234 397 nam

55 422 249 502 corruptum
279 439 298 481 a
329 439 407 504 rege
435 420 562 483 vincere
594 419 662 483 illic
689 418 894 503 Lysandrum
926 420 1068 484 noluisse
1099 420 1235 506 ideoque

55 507 184 573 afuisse
202 507 310 590 ipsum
330 504 565 594 arguebant¹⁹).
592 507 708 591 Itaque
727 507 803 572 huic
822 508 961 573 maxime
980 513 1132 593 putamus
1147 511 1233 574 malo
1254 520 1270 569 3

54 595 163 661 fuisse
190 595 327 659 nimiam
351 596 536 680 opinionem
565 596 689 680 ingenii
717 600 814 680 atque
838 596 977 660 virtutis.
1023 596 1161 663 Factum
1185 604 1235 664 est

56 689 171 750 autem
194 685 235 749 ob
258 684 351 748 illam
371 685 496 749 cladem
515 685 600 768 apud
619 683 786 769 Ephesum
806 691 982 769 acceptam,
1000 689 1037 749 ut
1056 686 1184 751 absenti
1203 691 1236 751 et

55 773 291 857 magistratum
310 773 509 858 abrogarent
522 776 556 837 et
574 772 673 837 alium
691 773 725 837 in
740 773 809 837 eius
823 773 930 837 locum
946 772 1234 861 substituerentffl).

55 861 98 926 Id
126 861 182 925 ille
211 864 248 924 ut
275 861 411 945 audivit,
435 862 566 926 domum
594 861 713 926 reverti
734 860 843 926 noluit
871 865 903 925 et
931 883 965 926 sa
988 861 1133 947 Pactyen
1162 872 1270 929 con-4

54 950 140 1014 tulit
159 949 269 1032 ibique
293 950 418 1033 aliquot
441 949 576 1015 castella
599 950 801 1028 communiit,
826 971 989 1034 manuque
1012 952 1149 1018 collecta
1171 954 1234 1035 pri-

56 1059 135 1103 mus
161 1038 290 1122 privato
319 1039 454 1103 consilio
482 1039 516 1102 in
538 1037 729 1103 Thraeciam
753 1038 893 1121 introiit,
921 1039 1097 1122 gloriosius
1126 1042 1233 1105 existi-

56 1148 156 1192 mans
184 1127 398 1191 barbarorum
425 1127 547 1210 praeda
569 1125 759 1211 locupletari
789 1148 886 1210 quam
910 1127 1118 1193 Graecorum.
1164 1128 1269 1204 Quae

58 1237 101 1280 ex
123 1236 159 1279 re
183 1213 371 1304 creverat²¹)
396 1236 468 1280 cum
491 1215 666 1280 famatum
687 1215 803 1298 opibus
824 1235 1038 1300 magnamque
1058 1218 1234 1282 amicitiam

57 1303 126 1368 sibi
148 1325 222 1368 cum
245 1303 438 1387 quibusdam
462 1303 595 1388 regibus
619 1303 797 1368 Thraeciae
819 1308 998 1387 pepererat.

149 1390 240 1456 VIII.
281 1389 394 1477 Neque
426 1397 535 1457 tamen
567 1414 587 1455 a
615 1392 751 1456 caritate
783 1394 908 1474 patriae
940 1393 1049 1477 potuit
1078 1395 1269 1459 recederel

57 1479 147 1545 Nam
166 1501 239 1545 cum
258 1481 344 1565 apud
363 1482 472 1565 Aegos
491 1480 610 1544 flumen
628 1480 804 1564 Philocles,
825 1485 958 1566 praetor
977 1482 1235 1564 Atheniensium,

58 1569 199 1634 classem
218 1569 440 1634 constituisset
458 1591 550 1633 suam
569 1590 673 1653 neque
692 1570 788 1653 longe
807 1570 937 1634 abesset
954 1568 1079 1654 Lysan-
1100 1575 1140 1652 [a.
1155 1573 1234 1654 405]

58 1657 131 1739 der,
157 1661 291 1740 praetor
322 1656 665 1741 Lacedaemoniorum,
692 1659 748 1741 qui
774 1658 809 1721 in
833 1679 871 1722 eo
899 1662 970 1722 erat
993 1664 1169 1742 occupatus
1199 1667 1236 1724 ut

57 1745 184 1810 bellum
212 1767 310 1830 quarn
340 1746 520 1811 diutissime
552 1746 695 1828 duceret,
723 1746 809 1830 quod
836 1746 915 1828 ipsis
944 1748 1079 1829 pecunia
1109 1770 1128 1811 a
1158 1769 1235 1834 rege

58 1834 333 1918 suppeditaretur,
348 1835 601 1899 Atheniensibus
626 1834 792 1899 exhaustis
814 1837 943 1918 praeter
965 1856 1057 1899 arma
1080 1843 1112 1899 et
1135 1857 1234 1901 naves

55 1922 145 1988 nihil
167 1929 364 2006 superesset,
391 1923 578 1988 Alcibiades
602 1923 641 1987 ad
672 1923 848 1987 exercitum
875 1923 963 1987 venit
987 1922 1269 1996 Atheniensium-2

56 2010 171 2096 ibique
199 2016 367 2095 praesente
390 2014 488 2097 vulgo
513 2011 608 2096 agere
631 2013 753 2095 coepit:
782 2012 809 2075 si
833 2011 967 2094 vellent,
991 2033 1025 2076 se
1048 2017 1233 2078 coacturum

56 2099 263 2184 Lysandrum
283 2106 339 2165 aut
357 2100 509 2165 dimicare
529 2103 586 2164 aut
604 2122 718 2184 pacem
736 2103 846 2184 petere
865 2101 1054 2187 spopondit:
1078 2101 1236 2167 Lacedae-

57 2188 190 2254 monios
209 2210 247 2253 eo
270 2191 357 2254 nolle
377 2190 480 2255 classe
505 2189 690 2274 confligere,
713 2188 798 2273 quod
817 2190 1020 2273 pedestribus
1040 2191 1141 2273 copiis
1161 2191 1234 2274 plus

57 2277 924 2450 scammum·,ulnaeraama
937 2274 1106 2448 hum
1124 2299 1271 2431 {uzu

57 2455 150 2519 sario
178 2457 236 2518 aut
263 2456 366 2520 classe
394 2456 619 2520 conflicturum
649 2461 706 2518 aut
735 2454 856 2518 bellum
886 2454 1150 2536 compositurum.
1196 2454 1271 2524 Id4

57 2543 125 2608 etsi
152 2563 227 2607 vere
259 2543 379 2608 dictum
409 2542 570 2608 Philocles
603 2542 897 2620 animadvertebat,
927 2545 1037 2606 tamen
1070 2543 1236 2625 postulata

57 2634 168 2697 facere
190 2632 304 2717 noluit,
328 2632 413 2717 quod
437 2631 598 2696 sentiebat
621 2653 655 2695 se
677 2630 847 2695 Alcibiade
870 2634 999 2713 recepto
1023 2631 1145 2696 nullius
1170 2654 1236 2696 mo-

58 2720 163 2786 menti
192 2720 276 2804 apud
300 2722 474 2787 exercitum
498 2721 658 2801 futurum,
682 2725 728 2803 et,
752 2720 780 2783 si
804 2719 882 2802 quid
911 2719 1042 2784 secundi
1066 2721 1235 2804 evenisset,

58 2808 188 2875 nullam
211 2811 246 2874 in
265 2831 303 2874 ea
321 2831 355 2874 re
375 2832 467 2874 suam
491 2812 618 2892 partem
640 2807 719 2891 fore,
743 2808 795 2872 sin
813 2807 891 2892 quid
911 2807 1037 2872 adversi
1057 2808 1235 2892 accidisset,

58 2919 95 2962 se
123 2919 225 2962 unum
253 2897 321 2962 eius
349 2898 458 2963 delicti
486 2899 631 2962 futurum
660 2919 760 2961 reum.
806 2897 836 2960 A
867 2918 930 2980 quo
959 2896 1125 2962 discedens
1147 2897 1271 2967 Alci-5

58 2985 174 3050 biades
189 2984 366 3070 ‘quoniam'
380 2987 487 3070 inquit
501 2985 666 3051 ‘victoriae
685 2986 809 3070 patriae
828 3006 999 3070 repugnas,
1018 2986 1095 3050 illud
1112 3008 1236 3068 moneo,

57 3095 102 3139 ne
119 3075 213 3139 iuxta
229 3074 358 3140 hostem
378 3081 484 3140 castra
502 3076 624 3139 habeas
644 3075 789 3138 nautica:
815 3074 993 3157 periculum
1014 3077 1064 3137 est
1082 3075 1177 3156 enim,
1195 3097 1236 3138 ne

59 3161 270 3227 immodestia
292 3165 434 3228 militum
457 3169 641 3229 vestrorum
664 3163 790 3228 occasio
820 3162 913 3227 detur
940 3161 1107 3244 Lysandro
1136 3164 1237 3226 vestri

60 3251 265 3334 opprimendi
286 3251 467 3318 exercitus’.
500 3252 612 3337 Neque
627 3273 665 3315 ea
678 3272 730 3316 res
749 3251 842 3315 illum
861 3248 985 3313 fefellit.
1013 3246 1099 3313 Nam
1113 3249 1235 3332 Lysan-
1256 3274 1271 3322 5

60 3339 128 3422 der,
146 3361 220 3404 cum
238 3361 297 3424 per
316 3342 533 3425 speculatores
553 3340 763 3424 comperisset
782 3339 917 3423 vulgum
932 3337 1181 3402 Atheniensium
1198 3340 1234 3403 in

57 3431 182 3492 terram
200 3429 389 3512 praedatum
406 3431 510 3494 exisse
525 3450 686 3512 navesque
701 3449 802 3511 paene
821 3427 933 3490 inanes
948 3425 1088 3509 relictas,
1107 3432 1235 3511 tempus

58 3514 109 3580 rei
133 3517 293 3601 gerendae
314 3541 381 3583 non
400 3517 525 3582 dimisit
548 3537 677 3600 unoque
696 3518 817 3599 impetu
841 3514 963 3579 bellum
982 3518 1088 3580 totum
1107 3517 1235 3582 delevit.

149 3603 208 3670 lX.
235 3606 281 3671 At
299 3606 493 3690 Alcibiades,
511 3606 606 3672 victis
625 3604 880 3670 Atheniensibus
899 3625 966 3667 non
986 3604 1065 3668 satis
1084 3610 1159 3669 tuta
1173 3606 1235 3674 ‚illa
1256 3628 1270 3675 1

58 3777 111 3816 ana
126 3760 224 3816 Cicero
242 3763 361 3831 belegen
380 3763 437 3817 und
451 3779 525 3817 awar
543 3763 623 3817 nicht
675 3759 783 3816 monier
805 3762 858 3815 mit
881 3762 933 3816 den
956 3760 1085 3830 Persam,
1105 3762 1155 3816 das
1182 3761 1235 3815 seit

59 3830 136 3887 blols
155 3849 205 3886 aus
225 3834 323 3888 descen
341 3832 460 3888 Briefen.
507 3850 508 3853 ¹
675 3837 727 3886 412
763 3832 909 3902 gelochert
946 3850 1015 3900 war,
1048 3834 1151 3887 wieder
1186 3830 1233 3885 be·
1305 3837 1309 3848 '

98 3901 133 3972 ²⁰)
166 3903 219 3958 Die
250 3902 419 3974 Niederlage
452 3903 532 3960 erlitt
562 3904 622 3958 sein
675 3902 780 3971 festigt.

60 3974 151 4028 crater
169 3973 355 4031 Steuermann
373 3974 537 4042 Antiochus,
556 3975 621 4029 wie·
714 3971 748 4041 ²⁰)
777 3974 814 4027 Es
832 3973 948 4028 wurden
970 3974 1040 4028 aehn
1063 3990 1135 4028 neue
1158 3973 1235 4025 Stra-

59 4043 138 4099 wohl
174 4061 205 4098 er
240 4045 288 4100 bei
320 4047 425 4101 aeinem
458 4047 623 4116 Weggange
677 4047 762 4114 tegen
779 4043 914 4112 gewahlt,
932 4045 1013 4097 unter
1032 4044 1122 4098 denen
1141 4042 1234 4096 Conon

61 4115 169 4170 diesem
181 4116 375 4171 ausdrfichlich
390 4118 523 4172 verboten
533 4119 622 4184 hatte,
678 4116 726 4170 der
745 4115 948 4169 bedentendste
967 4133 1034 4170 war.

61 4185 124 4240 sich
146 4186 177 4240 in
201 4186 247 4240 ein
270 4186 379 4242 Treffen
404 4186 458 4242 mit
480 4187 624 4256 Lysander
715 4185 749 4254 ²¹)
768 4183 821 4240 Die
836 4183 1161 4254 Plusquamp.beaiehen
1176 4183 1236 4239 sich

60 4257 246 4313 einaulassen.
283 4257 426 4328 Lysander
448 4259 528 4314 hatte
547 4257 622 4313 dbri-
677 4257 727 4312 aul
743 4257 798 4310 den
817 4255 930 4324 Anlang
949 4255 997 4309 des
1016 4254 1165 4324 folgenden
1180 4254 1248 4310 Ka-'

58 4343 132 4397 gena
169 4327 220 4382 das
256 4328 380 4383 Bsrndnis
417 4329 467 4384 der
498 4329 622 4384 Laced'a-
676 4328 769 4396 pitels.
807 4327 833 4383 S.
852 4329 933 4380 Anm.
953 4343 987 4380 au
1006 4325 1051 4392 VI,
1073 4331 1096 4378 1.
