2812 4786
458 167 507 226 IV.
534 168 749 226 PAUSANIAS.
772 176 798 229 3.
817 177 841 225 4,
1194 172 1236 237 15

59 335 99 400 Id
123 336 300 419 postquam
321 331 571 398 Lacedaemonii
592 333 785 416 rescierunt,
806 333 933 417 legatos
956 355 1029 399 cum
1047 334 1172 418 scytale
1194 335 1235 400 ad
1254 351 1271 400 4

63 446 140 490 eum
171 422 345 507 miserunt,
375 422 411 486 in
443 443 507 506 qua
538 442 628 486 more
659 418 824 505 illorum⁸l
862 426 933 487 erat
969 423 1141 507 scriptum:
1172 423 1236 488 nisi

64 513 198 580 domum
219 513 446 594 reverteretur,
469 531 504 575 se
527 507 644 594 capitis
667 531 740 575 eum
763 510 983 577 damnaturos.
1028 512 1099 578 Hoc
1121 512 1271 577 nuntiet

65 602 261 683 commotus,
286 619 419 684 sperans
443 621 476 664 se
500 598 600 664 etiam
626 602 697 663 tum
719 600 857 683 pecunia
879 603 913 665 et
939 602 1087 684 potentia
1109 602 1236 666 instans

63 689 244 775 pericnlum
257 708 354 772 posse
368 687 537 772 depellere,
551 687 683 753 domum
697 688 802 753 rediit.
820 687 870 753 Εο
884 692 922 753 ut
934 690 1034 772 venit,
1048 690 1089 754 ab
1104 690 1236 773 ephoris

61 782 98 846 in
116 776 300 853 custodiam
317 776 483 860 publicam
499 780 549 842 est
567 777 744 842 coniectus:
764 777 841 842 licet
856 777 941 842 enim
960 778 1088 862 legibus
1106 779 1236 845 illorum

60 868 165 935 cuivis
174 866 300 952 ephoro
310 865 373 932 hoc
386 865 493 931 facere
502 866 553 930 vel
566 866 637 949 regi
643 862 678 950 9).
691 864 777 930 Hinc
786 868 898 931 tamen
907 888 942 932 se
953 866 1123 952 expedivit,
1132 888 1236 952 neque

60 979 99 1023 eo
114 957 222 1042 magis
235 955 368 1020 carebat
382 953 581 1038 suspicione:
595 955 751 1020 manebat
765 955 851 1020 enim
866 956 975 1037 opinio
990 977 1146 1021 eumcum
1159 977 1236 1042 rege

59 1047 189 1112 hahere
206 1044 402 1110 societatem.
432 1042 495 1110 Elst
512 1065 614 1130 genus
634 1044 795 1127 quoddam
812 1044 991 1128 hominum,
1004 1044 1091 1129 quod
1103 1042 1235 1110 Hilotae
1254 1058 1270 1107 s

62 1137 212 1218 vocatur,
224 1153 359 1219 qnorum
378 1154 499 1218 magna
513 1132 688 1197 multitudo
704 1152 800 1217 agros
813 1132 1144 1198 Lacedaemoniorum
1158 1134 1238 1199 colit

66 1243 295 1308 servorumque
313 1232 445 1285 munere
462 1220 619 1306 fungitur.
647 1219 717 1287 Hos
738 1243 864 1306 quoque
878 1221 1053 1287 sollicitare
1072 1243 1129 1305 spe
1142 1221 1236 1286 liher-

65 1313 146 1378 tatis
159 1310 416 1376 existimabatur.
445 1307 507 1374 Sed
522 1310 605 1394 quod
620 1331 730 1375 earum
744 1332 851 1375 rerum
864 1311 992 1376 nullum
1002 1314 1073 1376 erat
1087 1313 1235 1394 apertum
1255 1321 1271 1370 ‘1

63 1402 195 1484 crimen,
209 1420 275 1484 qno
289 1398 423 1482 coargui
436 1402 557 1482 posset,
575 1420 643 1465 nou
659 1400 822 1483 putabant
836 1400 875 1465 de
889 1401 950 1465 tali
963 1401 1033 1466 viro
1048 1399 1237 1483 suspicioni·

61 1490 125 1555 bus
143 1492 295 1572 oportere
314 1487 449 1553 iudicari
463 1491 497 1552 et
510 1489 773 1574 exspectandum,
786 1489 863 1554 dum
877 1511 911 1553 se
931 1491 1002 1575 ipsa
1021 1511 1073 1554 res
1088 1489 1236 1573 aperiret.

151 1576 208 1643 IV.
232 1576 368 1642 Interim
387 1573 579 1662 Argiliusffl)
603 1576 734 1661 quidam
753 1578 1027 1662 adulescentulus,
1046 1600 1141 1663 quem
1160 1599 1235 1662 pue·
1256 1588 1270 1636 1

62 1688 139 1732 rum
159 1665 339 1731 Pausanias
362 1665 531 1749 dilexerat,
555 1687 627 1730 cum
650 1666 823 1748 epistulam
846 1666 887 1730 ab
911 1688 949 1730 eo
974 1667 1014 1731 ad
1038 1667 1238 1731 Artabazum

64 1755 256 1839 accepisset,
283 1755 376 1839 eique
398 1754 433 1819 in
456 1754 674 1838 suspicionem
701 1754 844 1819 venisset
872 1754 993 1838 aliquid
1020 1754 1055 1818 in
1078 1776 1117 1818 ea
1140 1755 1178 1818 de
1202 1776 1236 1819 se

63 1865 136 1910 esse
163 1843 335 1928 scriptum,
362 1844 447 1926 quod
473 1864 568 1908 nemo
598 1864 709 1908 eorum
736 1842 889 1928 redisset,
918 1844 974 1928 qui
1002 1842 1116 1908 eodem
1145 1842 1237 1907 missi

63 1935 172 2018 erant,
201 1932 329 1998 vincula
362 1932 522 2015 epistulae
552 1932 676 1996 laxavit
707 1932 864 2017 signoque
896 1932 1041 1998 detracto
1074 1933 1236 2017 cognovit,

63 2023 94 2087 si
117 2021 314 2105 pertulisset,
337 2020 400 2086 sihi
422 2042 492 2086 esse
515 2020 721 2105 pereundum.
768 2019 912 2105 Cumque
936 2026 1043 2088 essent
1066 2022 1100 2086 in
1123 2020 1271 2086 eadema

64 2109 206 2194 epistula
223 2130 311 2194 quae
334 2109 375 2174 ad
394 2131 432 2174 ea
454 2111 662 2194 pertinerent,
686 2132 767 2194 quae
789 2110 875 2175 inter
897 2133 1007 2197 regem
1026 2111 1234 2176 Pausaniam-

62 2221 127 2283 que
149 2198 385 2282 convenissent,
407 2198 461 2262 ille
483 2199 610 2263 litteras
635 2198 765 2282 ephoris
788 2199 930 2264 tradidit.
974 2198 1051 2264 Non
1074 2203 1123 2263 est
1146 2221 1235 2283 prae·
1254 2213 1270 2261 3

61 2287 221 2353 tereunda
234 2286 297 2352 hoc
311 2288 382 2352 loco
402 2288 547 2372 gravitas
554 2285 594 2374 ¹¹)
613 2286 952 2353 Lacedaemoniorum.
975 2287 1061 2353 Nam
1080 2309 1121 2351 ne
1139 2287 1235 2351 huius

62 2376 195 2460 quidem
217 2376 336 2441 indicio
365 2377 497 2461 impulsi
520 2380 611 2460 sunt,
633 2381 671 2441 ut
693 2376 890 2441 Pausaniam
918 2375 1235 2459 comprehenderent,

60 2486 169 2550 neque
196 2464 286 2550 prius
309 2465 377 2530 vim
405 2464 620 2529 adhibendam
642 2469 854 2548 putaverunt,
878 2486 976 2548 quam
1000 2465 1124 2547 seipse
1154 2463 1235 2527 indi-

63 2557 178 2619 casset.
205 2552 319 2638 Itaque
337 2552 388 2618 illi
402 2553 653 2636 adulescentulo,
668 2553 745 2637 quid
767 2554 838 2618 fieri
852 2554 983 2636 vellent,
996 2555 1236 2636 praeceperunt.
1255 2567 1272 2615 4

62 2641 192 2708 Fanum
209 2639 354 2726 Neptuni
373 2645 424 2707 est
442 2640 590 2720 Taenari,
614 2639 699 2727 quod
717 2642 835 2707 violari
857 2642 949 2706 nefas
972 2645 1092 2726 putant
1111 2640 1235 2706 Graeci.

62 2731 116 2797 Eo
147 2730 203 2796 ille
232 2730 380 2816 confugit
410 2731 444 2795 in
477 2752 596 2815 araque
629 2731 783 2796 consedit.
828 2729 922 2797 Hanc
953 2728 1090 2817 iuxraffl)
1127 2731 1234 2796 locum

62 2820 211 2885 fecenmt
234 2819 294 2884 sub
317 2824 412 2903 terra,
436 2841 474 2884 ex
493 2841 556 2904 quo
579 2825 692 2903 posset
714 2820 827 2902 audiri,
849 2821 878 2886 si
897 2821 969 2906 quis
989 2821 1066 2905 quid
1088 2822 1234 2903 loquere-

61 2913 119 2975 tur
142 2930 215 2973 cum
233 2908 359 2992 Argilio
367 2903 416 2994 ²³).
447 2908 498 2974 Eo
518 2931 556 2973 ex
575 2909 705 2992 ephoris
725 2909 855 2994 quidam
875 2910 1117 2975 descenderunt.
1153 2909 1270 2973 Pau-c

63 2996 412 3152 {tssl’thdtll
430 2997 819 3171 salutatam
834 2997 1236 3153 itrittthpttutttff

60 3178 141 3257 tem,
164 3175 300 3260 quaerit,
323 3196 439 3240 causae
458 3176 535 3260 quid
558 3175 602 3240 sit
624 3181 693 3240 tam
715 3177 878 3260 repentini
897 3175 1035 3241 consilii.
1066 3172 1151 3237 Huic
1169 3173 1237 3256 ille,

62 3263 143 3349 quid
167 3285 206 3327 ex
227 3264 349 3329 litteris
373 3265 592 3348 comperisset,
616 3266 729 3348 aperit.
759 3263 857 3330 Modo
881 3260 1032 3349 magis14)
1055 3261 1234 3327 Pausanias
1255 3277 1271 3325 6

60 3351 272 3437 perturbatus
296 3374 390 3417 orare
409 3354 524 3437 coepit,
546 3374 588 3418 ne
611 3354 794 3418 enuntiaret
815 3375 874 3417 nec
893 3374 927 3417 se
946 3353 1099 3416 meritum
1118 3350 1157 3415 de
1176 3350 1234 3416 illo

62 3439 188 3525 optime
209 3440 373 3525 proderet:
402 3442 487 3526 quod
511 3442 538 3505 si
562 3462 632 3506 eam
656 3441 784 3508 veniam
812 3441 874 3506 sibi
898 3440 1040 3506 dedisset
1071 3439 1235 3524 tantisque

10 3537 13 3547 '
60 3526 311 3616 implicarum1⁵)
330 3531 426 3595 robus
442 3530 652 3615 sublevasset,
671 3551 790 3615 magno
805 3530 839 3594 id
858 3531 907 3594 illi
921 3531 1066 3615 praemio
1081 3530 1235 3594 futurum.

100 3703 124 3772 ⁸)
139 3702 205 3758 D.h.
214 3702 333 3759 nichtin
342 3703 623 3774 lakonischerKlirae,
715 3704 747 3775 1¹)
768 3703 914 3761 Sittlioher
931 3705 1017 3760 Ernst
1031 3736 1064 3746 -
1079 3705 1237 3776 Gegensata

64 3773 186 3829 sondern
204 3775 254 3830 der
268 3776 418 3830 Ausdruck
435 3776 546 3830 henieht
564 3776 624 3832 sich
676 3776 787 3831 levitas.

62 3843 115 3900 anf
127 3845 255 3902 daseben
269 3849 412 3902 erwthnte
426 3863 490 3901 cum
500 3847 623 3916 scytale,
716 3847 748 3916 ¹²)
767 3851 848 3904 Anm.
869 3866 902 3902 zu
922 3838 1022 3903 Ohahr.
1040 3845 1075 3915 II,
1095 3851 1120 3901 3.

64 3915 110 3970 die
137 3916 354 3986 eigentdmliohe
381 3920 434 3972 Art
461 3918 511 3973 der
537 3905 624 3973 ttber-
716 3919 750 3989 18)
774 3917 842 3973 Hier
869 3920 911 3973 als
938 3919 1161 3973 Personenname
1189 3931 1237 3985 ge·

63 3987 194 4058 rendung
211 4004 268 4043 von
286 3989 458 4059 Depeschen.
678 3990 805 4057 braucht‚
825 3989 878 4044 wie
897 3990 969 4044 anch
987 3989 1022 4057 V,
1043 3995 1067 4043 ι,

717 4060 750 4130 1⁴)
770 4059 803 4115 D.
813 4060 841 4114 h.
852 4077 904 4114 nur
914 4061 987 4114 noch
997 4059 1083 4114 mehr.
1104 4057 1140 4111 So
1149 4054 1237 4110 findet

102 4094 114 4126 9
341 4095 346 4106 ·
589 4093 595 4105 .

64 4093 626 4238 20nltlllt‘ttttzlltt
680 4131 1004 4267 scamaras?
1018 4125 1238 4267 lettre-0„

63 4236 205 4305 starchus,
224 4237 330 4293 Schnes
349 4240 396 4294 des
415 4238 563 4293 Leonidas.
680 4272 727 4328 bei
750 4274 846 4328 morbo
871 4272 939 4328 oder
961 4271 992 4324 ,n
1010 4270 1138 4324 morbum
1161 4268 1237 4324 steht

107 4341 141 4405 ¹⁰)
162 4345 218 4398 Ans
237 4343 287 4398 der
306 4342 388 4399 Stadt
404 4343 525 4414 Argilns.
680 4343 834 4415 implicitus
841 4338 1242 4411 Oim.IIl,4unques.Vlll,d.
