2812 4786
173 179 216 243 82
547 181 632 235 xxn.
660 178 860 236 HANNIBAL.
884 186 909 235 a.
930 186 971 235 10.

139 341 301 408 andem
328 342 505 428 Magonem
532 342 667 406 fratrem
697 342 824 407 excivit.
868 340 906 406 Id
935 341 993 407 ubi
1016 343 1118 408 Poeni
1141 345 1354 434 resciverunt,

174 430 348 516 Magonem
382 431 506 515 eadem,
536 453 600 516 qua
633 431 780 513 fratrem,
813 432 982 495 absentem
1014 454 1119 516 poena
1154 434 1352 502 adfecerunt.

173 518 318 604 Cumque
349 520 398 584 illi
426 519 604 603 desperatis
632 522 728 584 rebus
757 519 930 584 solvissent
956 541 1054 586 naves
1083 543 1120 587 ao
1143 523 1216 587 vela
1244 527 1349 590 ventis

173 608 349 691 dedissent,
371 607 538 673 Hannibal
562 608 602 672 ad
626 607 826 674 Antiochum
849 609 1007 691 pervenit.
1051 609 1100 673 De
1123 609 1278 696 Magonis
1299 613 1347 677 in-

171 697 273 761 teritu
300 696 419 781 duplex
445 697 604 761 memoria
636 697 767 781 prodita
795 701 853 762 est.
903 694 1053 782 Namque
1085 699 1143 763 alii
1175 701 1347 786 naufragio
1393 759 1396 763 .

171 785 302 869 perisse,
326 786 384 850 alii
403 808 422 849 a
441 785 577 851 servolis
595 785 698 869 ipsius
716 785 924 850 interfectum
943 806 1016 850 eum
1035 786 1193 871 seriptum
1212 790 1347 874 relique-

135 871 306 960 eructu).
352 874 533 939 Antiochus
561 878 682 956 autem,
713 874 741 938 si
768 877 837 938 tam
865 874 900 938 in
930 874 1070 957 gerendo
1093 875 1180 940 bello
1205 880 1346 944 consiliis

174 962 243 1026 eius
266 983 381 1046 parere
399 963 566 1046 voluisset,
589 985 686 1047 quam
709 963 743 1027 in
767 962 971 1045 suscipiendo
994 963 1190 1048 instituerat,
1214 968 1346 1050 propius

172 1049 285 1115 Tiberi
317 1068 416 1135 quam
446 1051 673 1134 Thermopylis
683 1048 725 1136 ²⁵)
755 1050 794 1114 de
827 1073 955 1115 summa
991 1051 1118 1134 imperii
1154 1053 1346 1120 dimicasset.

139 1188 141 1193 >
172 1137 274 1214 Quem
298 1139 466 1204 Hannibal
490 1140 552 1204 etsi
575 1140 678 1204 multa
701 1139 800 1204 stulte
824 1140 935 1204 conari
959 1139 1100 1223 videbat,
1122 1142 1235 1206 tamen
1258 1145 1345 1208 nulla

133 1244 150 1290 4
170 1227 206 1291 in
228 1250 264 1292 re
287 1228 436 1293 deseruit
474 1228 621 1292 Praefuit
642 1228 790 1309 navibus,
809 1251 889 1313 quas
909 1250 948 1292 ex
967 1226 1061 1312 Syria
1078 1229 1187 1294 iussus
1209 1232 1251 1310 [a.
1269 1232 1344 1312 190]

169 1321 241 1381 erat
263 1317 298 1380 in
322 1318 438 1381 Asiam
461 1316 590 1398 ducere,
617 1315 720 1400 iisque
745 1317 897 1382 adversus
921 1316 1121 1381 Rhodiorum
1150 1318 1287 1383 classem
1311 1322 1343 1384 in

166 1403 363 1488 Pamphylio
392 1405 475 1468 mari
503 1404 655 1469 conflixit.
701 1403 772 1480 Quo
799 1405 923 1490 proelio
952 1426 1025 1469 cum
1057 1408 1126 1470 arte
1153 1407 1261 1471 navali
1289 1409 1343 1471 ad-

167 1493 384 1557 versariorum
409 1494 460 1558 sui
478 1497 721 1579 superarentur,
739 1494 826 1576 ipse,
850 1516 913 1578 quo
937 1514 1037 1558 cornu
1061 1516 1129 1558 rem
1148 1495 1256 1578 gessit,
1277 1494 1341 1559 fuit

171 1603 325 1664 supenor.

134 1686 148 1733 1
259 1669 315 1735 IX.
353 1669 517 1734 Antiocho
545 1667 709 1756 fugatum)
737 1691 852 1735 verens
880 1691 921 1734 ne
948 1670 1129 1754 dederetur,
1160 1671 1247 1755 quod
1276 1673 1343 1736 sine

171 1759 269 1824 dubio
299 1759 482 1842 accidisset,
511 1758 539 1823 si
568 1760 617 1823 sui
644 1758 775 1822 fecisset
802 1761 1015 1842 potestatem,
1045 1756 1175 1823 Cretam
1200 1759 1240 1823 ad
1265 1758 1341 1824 Gor·

168 1848 279 1930 tynios
308 1848 409 1931 venit,
436 1851 474 1910 ut
495 1847 556 1929 ibi,
585 1868 648 1931 quo
679 1869 714 1911 se
742 1846 916 1928 conferret,
943 1846 1170 1912 consideraret.
1200 1848 1242 1926 [a.
1268 1849 1341 1930 189]

133 1951 149 1998 a
170 1934 264 1999 Vidit
286 1935 467 1999 autem‘vir
490 1935 635 1999 omnium
663 1935 889 1999 callidissimus
915 1932 1082 2021 magno²⁷)
1110 1957 1145 2000 se
1168 1935 1240 2001 iore
1263 1938 1343 2021 peri-

171 2024 258 2107 culo,
294 2023 359 2087 nisi
396 2023 472 2107 quid
508 2022 721 2107 providisset,
756 2026 890 2107 propter
926 2024 1099 2088 auaritiam
1132 2021 1344 2090 Cretensium.

169 2111 324 2195 Magnam
349 2111 435 2175 enim
454 2132 562 2175 secum
580 2112 750 2195 pecuniam
768 2112 932 2194 portabat,
954 2113 992 2175 de
1016 2134 1081 2196 qua
1099 2112 1224 2177 sciebat
1242 2115 1343 2178 exisse

133 2201 302 2266 afamam.
353 2199 469 2283 Itaque
500 2198 589 2283 capit
620 2200 686 2264 tale
717 2199 897 2265 consilium.
943 2200 1129 2284 Amphoras
1162 2202 1342 2285 complures

170 2290 313 2374 complet
334 2288 482 2372 plumbo,
510 2309 653 2352 summas
677 2289 782 2372 operit
805 2310 882 2352 auro
913 2292 946 2352 et
969 2292 1114 2373 argento.
1159 2289 1229 2354 Has
1252 2311 1343 2373 prae-

169 2379 319 2443 sentibus
338 2377 538 2460 principibus
557 2377 592 2441 in
609 2377 731 2461 templo
751 2376 875 2440 Dianae
895 2377 1029 2460 deponit
1046 2399 1122 2442 suas
1139 2398 1173 2442 se
1192 2378 1343 2442 fortunas

168 2467 299 2531 illorum
326 2466 401 2530 fidei
430 2465 558 2530 credere
586 2465 754 2530 simulans.
799 2463 859 2529 Sic·
874 2465 938 2528 illis
961 2465 996 2527 in
1019 2486 1160 2530 errorem
1193 2466 1343 2548 inductis,

169 2557 296 2619 statuas
320 2559 451 2638 a’e‘neas,
478 2575 558 2638 quas
582 2575 690 2618 secum
713 2553 879 2638 portabat,
906 2553 995 2616 omni
1018 2575 1076 2618 sua
1097 2553 1235 2636 pecunia
1258 2575 1342 2618 com·

132 2660 149 2707 4
169 2644 238 2724 plet
258 2664 376 2726 easque
394 2643 429 2707 in
443 2643 615 2726 propatulo
630 2642 718 2706 domi
737 2641 846 2706 abicit.
879 2641 1031 2725 Gortynii
1046 2642 1204 2726 templum
1225 2663 1342 2726 magna

171 2753 248 2795 cura
275 2730 474 2812 custodiunt,
506 2752 573 2794 non
600 2734 668 2795 tam
696 2752 716 2793 a
739 2731 854 2794 ceteris
882 2752 979 2814 quam
1007 2730 1047 2794 ab
1076 2729 1275 2815 Hannibale,
1302 2753 1342 2794 ne

171 2819 247 2902 quid
270 2818 326 2881 ille
349 2818 563 2882 inscientibus
586 2818 667 2901 ipsis
690 2818 821 2882 tolleret
844 2839 1014 2901 secumque
1038 2818 1177 2882 duceret.

134 2925 146 2970 1
258 2905 298 2970 X.
336 2904 389 2970 Sic
417 2905 616 2970 conservatis
645 2907 713 2970 suis
740 2907 838 2970 rebus
860 2906 988 2971 Poenus
1017 2906 1056 2970 ad
1082 2904 1231 2972 Prusiam
1242 2904 1282 2992 28)
1308 2908 1341 2970 in

168 2995 359 3079 Bithyniam
380 2993 536 3076 pervenit.
574 2993 670 3077 Apud
690 3015 785 3078 quem
805 2995 918 3059 eodem
937 2996 1045 3058 animo
1063 2992 1128 3058 fuit
1144 2994 1180 3058 in
1198 2995 1341 3078 ltaliam,

165 3105 269 3169 neque
289 3083 377 3148 aliud
397 3083 569 3167 quiequam
588 3104 684 3166 quam
703 3102 813 3167 regem
833 3083 971 3147 armavit
989 3086 1022 3147 et
1040 3082 1166 3147 exacuit
1183 3082 1340 3146 adversus

130 3173 341 3238 altomanos.
387 3172 490 3248 Quem
518 3192 590 3236 cum
618 3171 743 3235 videret
771 3170 956 3235 domesticis
988 3171 1104 3254 opibus
1133 3169 1239 3233 minus
1267 3191 1340 3234 esse

165 3263 345 3344 robustum,
368 3260 571 3325 conciliando
596 3263 719 3323 ceteros
742 3279 834 3343 reges
858 3259 1031 3323 bellicosas
1053 3259 1203 3323 nationes
1227 3259 1337 3322 adiun-

203 3417 236 3485 ²⁴)
251 3416 289 3470 Es
298 3415 459 3484 giebtnooh
468 3416 530 3471 eine
538 3415 623 3470 dritta
630 3415 723 3469 Nach-
777 3414 925 3469 derselben
938 3413 1086 3482 begannen
1101 3413 1192 3468 sofort
1204 3413 1252 3468 die
1264 3413 1338 3468 Frie-

164 3487 247 3553 richt,
256 3485 330 3540 nach
344 3486 722 3557 welcherMagoschon203‚
777 3482 1338 3553 densunterhandlungen,diennnwegen

163 3555 293 3624 augleich
310 3555 364 3609 mit
376 3557 518 3612 Hannibal
535 3558 609 3611 nach
622 3555 723 3611 Afrika
776 3556 827 3610 der
841 3555 1025 3626 Gefdgigkeit
1043 3554 1092 3609 des
1104 3553 1262 3609 Antiochus
1275 3572 1338 3608 aum

163 3626 397 3694 aurfickberufen,
425 3627 477 3683 aui
497 3627 547 3682 der
570 3617 723 3682 llberfahrt
776 3627 894 3681 raschen
912 3625 1062 3680 Abschluls
1080 3624 1192 3680 hamon.

60 3696 62 3701 ’
163 3695 567 3765 vondcngallischenKiisten
580 3713 616 3752 un
627 3697 722 3751 seineu
813 3696 848 3765 ²⁶)
866 3697 918 3751 Bei
935 3695 1091 3766 Magnesia.

162 3769 294 3823 Wunden
312 3767 398 3821 starb.
814 3767 849 3838 Π)
866 3766 946 3822 Anm.
967 3786 1001 3821 zu
1020 3768 1084 3821 Dat.
1098 3766 1133 3833 V,
1151 3772 1177 3822 3.

201 3839 234 3906 ²⁵)
248 3837 404 3893 Antiochus
419 3838 498 3892 hatte
507 3837 569 3892 hier
578 3837 628 3906 (im
637 3838 722 3892 Jahre
814 3839 848 3907 ²⁸)
867 3837 954 3892 Nicht
977 3838 1073 3892 sofort.
1110 3838 1149 3890 Er
1174 3837 1244 3891 irrte
1264 3835 1337 3888 noch

164 3913 227 3980 191)
245 3912 317 3965 feste
332 3908 462 3976 Stellung
479 3925 655 3978 genommen‚
674 3927 722 3962 um
777 3908 940 3977 einigeZeit
954 3908 1059 3962 umher.
1098 3907 1140 3962 Ob
1160 3923 1191 3961 er
1206 3923 1256 3962 vor
1270 3904 1338 3960 oder

162 3982 217 4037 den
231 3980 561 4036 anrdchendenltbmern
574 3997 608 4032 zu
623 3978 722 4033 wider·
776 3980 849 4033 nach
869 3985 934 4047 186,
959 3998 993 4033 zu
1010 3977 1123 4033 Prusias
1142 3976 1163 4033 Ι.
1184 3978 1253 4032 oder
1270 3976 1337 4030 Pru·

162 4054 272 4121 stehen,
301 4051 396 4106 warde
425 4053 492 4106 aber
520 4050 573 4103 mit
600 4049 723 4119 grossem
777 4050 831 4104 sias
847 4049 888 4119 11,
906 4050 980 4103 nach
998 4048 1149 4116 Bithynien
1168 4047 1337 4117 gekommen

161 4123 276 4177 Verlust
312 4139 363 4176 aua
394 4121 540 4176 derselben
572 4120 722 4190 herausge-
775 4120 822 4189 ist,
836 4120 966 4175 istnicht
979 4139 1014 4174 nu
1033 4119 1185 4174 ermitteln.
1217 4119 1281 4172 Den
1299 4119 1337 4171 im

161 4192 275 4248 worfen.
307 4189 723 4260 DieEntscheidungssohlacht
776 4189 928 4261 folgenden
953 4190 1115 4245 erwahnten
1133 4188 1222 4258 Krieg
1248 4204 1338 4257 gagen

162 4282 220 4318 war
245 4266 303 4318 erat
325 4263 365 4317 im
388 4263 541 4333 folgenden
562 4260 648 4315 Jahre
676 4260 723 4316 bei
776 4262 913 4316 Eumenes
926 4261 960 4315 Π.
980 4277 1035 4315 von
1054 4259 1221 4330 Pergamum
1244 4258 1339 4313 fflhrte

164 4335 310 4402 Magnesia
338 4351 383 4388 am
413 4335 537 4404 Sipylus,
565 4332 623 4386 und
651 4333 722 4386 nach
777 4348 806 4385 er
827 4336 975 4386 184-183.
