2812 4786
371 253 377 262 ο
441 184 527 241 XXII.
555 184 755 238 HANNIBAL.
782 189 886 239 10.11.
1206 183 1249 247 83

75 351 133 416 xit.
176 349 364 414 Dissidebat
390 349 431 412 ab
463 347 521 412 illo
548 346 769 430 Pergamenus
801 368 857 410 rex
885 346 1063 429 Eumenes,
1091 345 1248 411 Romanis

76 438 294 504 amicissimus
302 434 351 523 ²⁹),
369 437 552 520 bellumque
571 437 733 499 intereos
753 435 926 521 gerebatur
950 434 1085 499 otmari
1107 446 1149 516 [a.
1169 435 1247 514 184]

75 531 109 592 et
136 533 237 593 terra:
270 547 333 609 quo
365 523 471 609 magis
505 524 658 607 cupiebat
690 545 762 587 eum
793 523 958 588 Hannibal
991 524 1139 608 opprimi.
1186 522 1283 587 Sede

74 617 248 699 utrobique
262 613 425 678 Eumenes
440 613 513 696 plus
528 612 658 676 valebat
671 617 805 695 propter
813 612 1034 677 Romanorum
1049 613 1248 676 societatem.

75 705 177 781 Quem
206 705 234 767 si
261 703 466 784 removisset,
497 700 647 765 faciliora
675 701 740 767 sibi
768 706 876 765 cetera
903 701 972 766 fore
1003 700 1179 766 arbitratus
1208 699 1248 763 ad

74 790 333 857 interficiundum
360 812 434 854 cum
452 789 553 853 talem
572 789 646 853 iniit
663 788 833 854 rationem.
870 787 981 855 Classe
1004 789 1116 873 paucis
1135 788 1248 853 diebus
1267 800 1285 847 4

76 886 171 946 erant
199 879 370 944 decreturi.
416 877 638 962 superabatur
666 877 834 943 Hannibal
866 879 997 942 navium
1029 877 1249 942 multitudine:

74 970 149 1034 dolo
179 972 249 1033 erat
277 967 500 1052 pugnandum,
527 988 601 1030 cum
629 988 690 1049 par
716 988 782 1030 non
806 971 893 1031 esset
920 967 1027 1030 armis.
1071 965 1250 1049 Imperavit

77 1081 174 1142 quam
189 1057 346 1142 plurimas
365 1060 541 1120 venenatas
560 1059 726 1138 serpentes
744 1056 835 1119 vivas
854 1054 967 1138 colligi
985 1075 1102 1138 casque
1121 1055 1250 1119 invasa

74 1148 189 1211 fictilia
213 1145 325 1209 conici.
370 1142 495 1208 Harum
519 1165 592 1208 cum
611 1143 803 1208 confecisset
826 1163 977 1228 maguam
997 1143 1248 1226 multitudinem,
1268 1156 1284 1202 c

76 1235 127 1298 die
147 1235 227 1317 ipso,
246 1255 309 1317 quo
328 1233 472 1298 facturus
492 1237 563 1297 erat
576 1233 691 1296 navale
705 1232 874 1317 proelium,
889 1231 1074 1297 classiarios
1092 1235 1250 1296 convocat

75 1324 180 1406 iisque
203 1321 370 1405 praecipit,
395 1343 506 1387 omnes
528 1323 567 1386 ut
588 1320 623 1385 in
646 1343 744 1385 unam
766 1319 923 1385 Eumenis
947 1321 1033 1403 regis
1057 1323 1250 1384 concurrant

75 1433 204 1493 navem,
235 1433 254 1474 a
277 1410 392 1474 ceteris
421 1410 502 1474 satis
529 1410 674 1474 habeant
702 1431 737 1474 se
765 1409 944 1474 defendere.
989 1408 1028 1473 Id
1055 1409 1130 1473 illos
1155 1407 1249 1472 facile

74 1500 275 1581 serpentium
293 1498 502 1562 multitudine
526 1501 761 1563 consecuturos.
798 1496 867 1562 Rex
891 1504 1001 1562 autem
1023 1499 1056 1561 in
1080 1519 1145 1583 qua
1166 1518 1248 1561 nave
1269 1509 1285 1557 6

74 1587 253 1667 veheretur,
276 1593 313 1649 ut
335 1586 463 1664 scirent,
486 1605 520 1648 se
543 1584 716 1648 facturum:
748 1607 845 1668 quem
867 1587 895 1650 si
919 1590 977 1650 aut
1006 1587 1168 1670 cepissent
1192 1589 1248 1648 aut

75 1674 325 1756 interfecissent,
347 1693 468 1756 magno
492 1672 523 1736 id
547 1673 612 1737 illis
635 1672 810 1756 pollicetur
833 1676 978 1757 praemio
1001 1675 1079 1740 fore.

162 1761 217 1826 XI.
242 1761 311 1826 Hac
334 1761 477 1826 militum
501 1761 724 1826 cohortatione
747 1760 835 1826 facta
855 1762 969 1826 classis
992 1762 1033 1825 ab
1053 1758 1246 1847 utrisque³⁰)
1270 1774 1283 1821 1

73 1853 109 1915 in
140 1851 300 1933 proelium
334 1851 510 1915 deducitur.
561 1851 639 1915 Acie
672 1851 867 1934 constituta,
898 1851 1089 1935 priusquam
1120 1851 1247 1935 signum

73 1961 202 2025 pugnae
227 1939 370 2021 daretur,
394 1937 575 2022 Hannibal,
597 1942 634 2002 ut
657 1939 767 2022 palam
789 1935 958 2024 faceretffl)
982 1939 1062 2018 suis,
1088 1960 1152 2023 quo
1176 1938 1248 2002 loco

71 2026 236 2092 Eumenes
256 2031 350 2111 esset,
369 2027 577 2091 tabellarium
597 2026 632 2091 in
652 2027 773 2111 scapha
792 2049 865 2092 cum
884 2028 1022 2093 caduceo
1041 2027 1154 2093 mittit.
1186 2026 1248 2102 Qui
1267 2042 1284 2090 a

73 2116 130 2179 ubi
158 2117 198 2180 ad
226 2137 327 2181 naves
357 2115 617 2181 adversariorum
644 2117 793 2199 pervenit
815 2117 1051 2201 epistulamque
1075 2116 1248 2183 ostendens

73 2226 107 2268 se
130 2225 241 2289 regem
260 2205 427 2287 professus
447 2207 497 2269 cst
515 2225 680 2288 quaerere,
700 2205 813 2269 statim
833 2206 874 2270 ad
892 2205 1072 2270 Eumenem
1094 2205 1248 2271 deductus

72 2295 133 2374 est,
157 2292 243 2376 quod
261 2315 357 2358 nemo
376 2293 556 2377 dubitabat,
580 2290 705 2378 quin³²)
732 2293 855 2376 aliquid
875 2293 913 2357 de
936 2315 1015 2376 pace
1039 2298 1126 2358 esset
1149 2294 1249 2377 scrip·

71 2385 151 2446 tum.
187 2380 392 2444 Tabellarius
420 2381 510 2444 ducis
537 2403 620 2444 nave
644 2380 808 2444 declarata
832 2382 899 2445 suis
927 2382 1048 2464 eodem,
1072 2381 1155 2445 unde
1179 2386 1262 2445 erat,

73 2489 237 2553 egressus,
265 2489 299 2530 se
323 2468 453 2551 recepit.
500 2469 551 2531 At
567 2466 730 2531 Eumenes
755 2468 861 2532 soluta
884 2469 1024 2552 epistula
1047 2469 1130 2533 nihil
1152 2470 1187 2533 in
1210 2485 1283 2533 eae

72 2556 225 2640 repperit,
248 2555 310 2618 nisi
334 2576 416 2638 quae
440 2555 480 2619 ad
504 2555 704 2619 irridendum
728 2577 801 2620 eum
824 2557 1034 2640 pertinerent.
1076 2555 1175 2623 Cuius
1198 2560 1245 2622 rei

73 2645 136 2708 etsi
150 2666 280 2708 eausam
300 2643 481 2708 mirabatur
497 2665 601 2729 neque
620 2644 813 2727 reperiebat,
827 2648 938 2709 tamen
952 2646 1113 2729 proelium
1132 2646 1244 2711 atatim

72 2732 276 2797 committere
297 2753 363 2796 non
382 2730 552 2796 dubitavit.
589 2730 653 2796 Sed
671 2732 706 2796 in
725 2754 882 2798 concursu
898 2732 1035 2818 Bithyni
1049 2733 1246 2799 Hannibalis
1265 2751 1282 2798 4

72 2823 246 2903 praecepto
270 2819 415 2884 universi
442 2841 559 2884 navem
581 2819 737 2885 Eumenis
766 2821 965 2888 adoriuntur.
1011 2823 1157 2899 Quorum
1180 2823 1246 2888 vim

72 2931 129 2972 rex
153 2931 225 2973 curn
248 2908 407 2973 sustinere
430 2929 496 2972 non
520 2913 639 2992 posset,
661 2908 741 2994 fuga
764 2911 902 2975 salutem
926 2912 1022 2995 petit:
1050 2933 1148 2996 quam
1172 2934 1246 2977 con·

73 3002 201 3062 secutus
225 3019 290 3061 non
314 3001 409 3080 esset,
432 2997 495 3061 nisi
517 2996 605 3061 intra
628 3020 686 3062 sua
709 2999 872 3081 praesidia
895 3021 930 3064 se
953 3001 1139 3084 recepisset,
1165 3022 1247 3085 quae

72 3087 105 3148 in
123 3086 273 3169 proximo
296 3086 396 3151 litore
415 3088 508 3149 erant
531 3085 701 3151 collocata.
734 3086 890 3170 Reliquae
907 3087 1129 3172 Pergamenae
1147 3110 1246 3152 naves
1265 3104 1282 3153 o

72 3195 144 3235 cum
165 3174 368 3238 adversarios
392 3177 579 3256 premerent
597 3175 714 3257 acrius,
737 3179 870 3257 repente
893 3175 929 3238 in
949 3198 1004 3240 eas
1027 3198 1105 3241 vasa
1123 3176 1246 3254 fictilia,

72 3261 110 3323 de
135 3260 252 3343 quibus
271 3282 370 3343 supra
393 3260 593 3325 mentionem
611 3261 756 3345 fecimus,
775 3263 879 3327 conici
897 3267 1011 3347 coepta
1029 3268 1115 3330 sunt.
1157 3262 1246 3338 Quae

70 3349 155 3413 iacta
183 3348 279 3412 initio
306 3349 407 3412 risum
437 3349 660 3432 pugnantibus
692 3350 913 3430 concitarunt,
944 3373 1049 3437 neque
1082 3374 1182 3437 quare
1212 3352 1245 3417 id

71 3437 164 3500 fieret
186 3440 316 3521 poterat
338 3437 494 3521 intellegi.
540 3437 719 3522 Postquam
743 3443 851 3504 antem
875 3461 974 3504 nares
998 3463 1073 3505 suas
1097 3442 1244 3524 oppletas
1264 3459 1281 3507 c

106 3627 141 3695 ¹⁹)
161 3627 248 3681 Unter
275 3626 381 3681 diesem
409 3629 468 3682 erat
492 3643 551 3683 war
576 3629 627 3682 das
720 3629 755 3695 ⁸⁰)
788 3630 875 3685 Nicht
907 3648 984 3699 „von
1012 3631 1154 3687 Hannibal
1187 3634 1244 3687 und

68 3697 299 3767 pergamenische
317 3697 405 3752 Reich
428 3716 463 3753 au
485 3699 563 3754 einer
580 3698 628 3754 be.
683 3698 850 3770 Eumenes“,
868 3701 989 3784 sondern
1003 3701 1156 3804 allgemqin
1170 3721 1244 3827 „pop

67 3768 629 3907 {IIIIsstrshwhbflssfditudhf
682 3770 746 3895 tu.
765 3774 966 3908 {inim
994 3773 1137 3829 Im·
1204 3792 1244 3844 ⁸·

68 3910 628 4037 tutaturusuultur
681 3945 1245 4086 HggnP331f²5⁸ffnffi²ffiffnfix⁰f³2⁸ffl

67 4051 214 4107 Gessshfflk
233 4053 363 4106 erhallen
380 4053 468 4108 halle·
501 4052 557 4109 ⁰1⁰·
575 4069 627 4122 P¹⁰
681 4085 769 4140 findet
778 4087 839 4140 sich
847 4089 919 4142 anch
930 4086 977 4140 bei
988 4087 1092 4142 Cicero.
1113 4089 1170 4142 Das
1180 4090 1244 4144 hier

65 4122 187 4247 {2231ss
204 4128 257 4246 δὲ
270 4123 568 4263 liggffirpghssfflrltssn
570 4124 627 4248 31¹2}
680 4156 853 4227 gebrauchte
870 4158 958 4213 Aktiv
982 4159 1093 4212 scheint
1117 4174 1167 4213 aus
1193 4159 1243 4214 der

67 4281 123 4317 war
138 4263 310 4333 Nachfclgcr
329 4265 378 4319 des
392 4265 504 4319 Attalus
514 4264 535 4318 1.
564 4266 626 4319 Ihm
682 4227 944 4297 umgangfflpmhe
969 4229 1098 4283 ΜΘΝ
1121 4248 1154 4284 ²¹¹
1174 4233 1241 4287 ⁸⁰1¹]-

65 4334 155 4402 folgte
175 4337 225 4387 159
252 4334 312 4388 asin
334 4335 442 4390 Bruder
459 4334 572 4390 Attalns
589 4335 626 4392 Il.
719 4333 752 4401 θ’)
772 4338 853 4388 Anm.
872 4352 904 4387 au
922 4333 1011 4390 Praei,
1033 4342 1057 4390 1,

991 4422 1028 4476 6*
