2812 4786
419 167 479 225 XV.
511 165 786 223 EPAMINONDAS.
811 174 837 223 6.
857 172 882 222 7.
1194 165 1238 230 53

59 331 122 397 dae
147 331 298 413 obiceret,
321 330 406 414 quod
424 329 546 395 liberos
564 351 632 394 non
650 329 787 394 haberet
804 350 908 413 neque
931 349 1062 393 uxorem
1083 327 1237 412 duxisset,

58 419 266 504 maximeque
288 418 506 500 insolentiam,
530 419 616 502 quod
640 419 703 483 sibi
722 417 978 503 Agamemnonis
996 417 1076 482 belli
1099 417 1236 502 gloriam

57 509 224 574 videretur
247 511 453 573 consecutus:
483 508 539 572 ille
562 506 697 572 ‘desine'
720 507 828 591 inquit
846 504 1052 588 ‘Meneclida,
1075 505 1114 569 de
1136 526 1236 570 uxore

58 596 144 662 mihi
159 596 368 680 exprobrare:
385 617 461 660 nam
481 596 602 661 nullius
621 597 656 660 in
674 596 740 660 ista
757 618 792 661 re
806 595 914 659 minus
933 594 981 659 uti
1000 593 1134 659 consilio
1148 592 1236 658 volo'

60 682 223 768 (habebat
241 684 329 749 enirn
342 683 538 749 Meneclides
558 684 775 768 suspicionem
794 682 966 770 adulterii).
1003 681 1108 759 ‘Quod
1127 685 1236 747 autem
1256 701 1272 749 e

59 775 341 859 Agamemnonem
364 773 521 838 aemulari
544 794 595 838 me
618 775 724 856 putas,
746 772 878 837 falleris.
915 772 1064 855 Namque
1087 771 1141 835 ille
1165 793 1237 836 eum

57 863 214 927 universa
232 861 368 926 Graecia
391 862 444 926 vix
462 861 572 926 decem
598 861 693 925 annis
712 882 811 926 unam
834 860 920 945 cepit
942 861 1066 942 urbem,
1089 880 1149 943 ego
1173 882 1237 925 una

57 951 142 1017 urbe
158 953 272 1074 nostqe
290 951 408 1035 dieque
429 972 495 1016 uno
513 953 619 1014 totam
638 949 807 1014 Graeciam
827 947 1091 1014 Lacedaemoniis
1114 949 1237 1034 fugatis

56 1037 230 1104 liberavi'1
261 1089 269 1103 .

150 1126 208 1193 VI.
239 1037 330 1191 idem
353 1148 426 1192 cum
449 1127 484 1191 in
508 1129 704 1191 conventum
727 1126 870 1191 venisset
887 1124 1050 1190 Arcadum
1058 1121 1106 1278 ¹3,
1129 1129 1166 1189 ut
1188 1148 1237 1192 so·
1257 1144 1271 1192 1

58 1215 213 1280 cietatem
233 1237 306 1282 cum
325 1215 491 1280 Thebanis
510 1217 542 1279 et
556 1212 688 1299 Argivis
707 1214 860 1298 facerent,
879 1217 1055 1298 contraque
1097 1214 1236 1279 allistra·

57 1306 126 1388 tus,
139 1303 391 1369 Atheniensium
405 1304 543 1389 legatus,
562 1303 618 1386 qui
636 1303 822 1388 eloquentia
841 1324 952 1368 omnes
971 1302 1029 1366 illo
1048 1303 1238 1386 praestabat

58 1395 217 1477 tempore,
234 1393 416 1476 postularet
434 1391 619 1457 Atticorum
637 1395 674 1456 ut
691 1393 801 1475 potius
821 1391 998 1456 amicitiam
1018 1395 1238 1477 sequerentur,

59 1484 95 1546 st
123 1482 159 1545 in
191 1481 338 1547 oratione
368 1480 471 1545 multa
501 1481 649 1544 invectus
678 1480 713 1544 in
740 1480 912 1545 Thebanos
943 1483 975 1544 et
1002 1479 1145 1566 Argivos
1175 1481 1237 1547 hoc

57 1568 211 1654 dixisset,
244 1570 389 1634 animum
422 1569 588 1634 advertere
621 1569 737 1633 debere
770 1569 928 1651 Arcades,
960 1570 1071 1652 quales
1100 1573 1271 1654 utraquea

58 1658 177 1724 civitas
195 1657 282 1723 cives
301 1660 514 1741 procreasset,
534 1678 572 1722 ex
591 1657 710 1741 quibus
729 1657 768 1721 de
788 1657 904 1722 ceteris
922 1661 1058 1740 possent
1080 1657 1236 1723 iudicare:

56 1746 204 1832 Argivos
223 1747 309 1811 enim
323 1746 424 1811 fuisse
441 1745 588 1811 Orestem
609 1749 642 1810 et
656 1746 887 1810 Alcmaeonem
905 1744 1102 1828 matricidae,
1117 1745 1236 1812 Thebis

57 1833 221 1918 Oedipum
248 1839 377 1920 natum,
405 1857 478 1900 cum
504 1838 634 1918 patrem
661 1833 894 1917 interfecisset,
926 1854 965 1897 ex
988 1837 1092 1898 matre
1116 1833 1235 1900 liberos

56 1944 261 2008 procreasse:
280 1923 355 1988 huic
369 1924 404 1988 in
418 1921 643 2006 respondendo
657 1922 904 2006 Epaminondas
912 1919 961 2006 ¹⁴),
980 1943 1053 1986 cum
1067 1922 1105 1986 de
1121 1924 1234 1988 ceteris
1254 1944 1270 1991 a

55 2010 876 2166 tfbltlclltlthttllalt.‘’933⁰th
891 2011 1236 2166 Altictttlt

56 2191 214 2254 nocentes
236 2189 312 2254 illos
338 2189 427 2254 domi
455 2192 564 2275 natos,
592 2122 877 2254 sceler'eqadmisso
901 2211 975 2254 cum
998 2190 1105 2273 patria
1129 2151 1236 2254 adsent

57 2277 200 2361 expulsi,
226 2281 373 2361 receptos
396 2299 466 2342 esse
491 2277 532 2342 ab
555 2275 867 2363 Atheniensibus¹⁶).
914 2274 975 2341 Sed
1004 2278 1142 2341 maxime
1166 2279 1271 2347 eius4

57 2368 137 2430 ante
160 2385 305 2450 pugnam
324 2365 526 2432 Leuctricam
553 2366 740 2450 eloquentia
764 2366 867 2430 eluxit
886 2363 1031 2449 Spartae.
1068 2364 1138 2441 Quo
1162 2388 1235 2431 cum

57 2454 206 2519 omnium
228 2454 391 2520 sociorum
414 2456 644 2520 convenissent
666 2455 775 2538 legati,
801 2475 909 2519 coram
928 2453 1077 2538 frequen-
1098 2455 1139 2534 [a.
1154 2455 1233 2536 371]

58 2541 189 2608 tissime
208 2543 407 2628 legationum
431 2547 591 2609 conventu
615 2543 662 2608 sic
681 2541 1009 2607 Lacedaemoniorum
1028 2543 1235 2626 tyrannidem

57 2630 220 2716 coarguit,
248 2635 285 2695 ut
311 2652 378 2696 non
406 2632 512 2697 minus
540 2632 599 2696 illa
622 2631 768 2697 oratione
792 2652 869 2715 opes
900 2652 1012 2696 eorum
1036 2633 1236 2697 concusserit

59 2740 158 2804 quam
172 2718 342 2784 Leuctrica
354 2741 476 2806 pugna.
511 2720 595 2785 Tum
614 2719 701 2784 enim
720 2719 865 2804 perfecit,
879 2719 964 2803 quod
978 2725 1054 2804 post
1073 2722 1235 2806 apparuit,

58 2810 97 2871 ut
120 2807 240 2872 auxilio
263 2806 511 2874 Lacedaemonii
535 2809 696 2875 sociorum
720 2809 933 2892 privarentur.

148 2893 222 2961 VII.
245 2895 359 2961 Fuisse
381 2898 560 2982 patientem
586 2897 792 2976 iniuriarum,
821 2897 907 2982 quod
931 2897 1057 2981 patriae
1081 2920 1115 2962 se
1138 2899 1235 2965 irasci
1256 2920 1268 2968 1

60 2982 154 3049 nefas
184 3005 255 3049 esse
283 2982 475 3072 duceret¹⁶),
500 2986 581 3052 hacc
605 2989 682 3050 sunt
703 2987 903 3051 testimonia.
945 2983 1027 3050 (lum
1050 2986 1081 3050 ei
1102 2991 1236 3071 propter

58 3071 214 3137 invidiam
238 3072 325 3139 cives
344 3075 517 3158 imperium
536 3075 763 3160 abrogassent,
786 3075 850 3139 dux
873 3078 923 3140 est
944 3074 1086 3139 delectus
1110 3075 1233 3156 [anca]

58 3160 137 3225 belli
164 3161 348 3247 imperitus,
376 3164 508 3248 eiusque
536 3185 644 3229 errore
671 3183 722 3227 res
751 3184 789 3227 eo
819 3162 968 3243 deducta,
995 3166 1032 3226 ut
1060 3183 1172 3227 omncs
1196 3163 1234 3226 de

59 3250 163 3314 salute
186 3251 461 3336 pertimescerent,
484 3252 569 3336 quod
589 3254 735 3317 locorum
760 3250 920 3336 angustiis
944 3250 1045 3314 clausi
1069 3250 1110 3314 ab
1131 3250 1233 3316 hosti-

58 3338 119 3403 bus
134 3338 374 3405 obsidebantur.
408 3340 492 3404 Tum
506 3362 582 3405 vero
598 3339 773 3404 desiderari
791 3343 907 3423 coepta
926 3341 975 3403 est
988 3337 1234 3423 Epaminondae

56 3425 237 3513 diligentia:
260 3433 330 3493 erat
353 3431 439 3493 enim
462 3429 509 3494 ibi
527 3450 662 3492 numero
670 3425 709 3513 1⁷)
733 3426 857 3492 militis.
896 3425 1039 3510 Cumque
1058 3428 1108 3492 illi
1131 3428 1172 3493 ab
1197 3451 1270 3502 eoa

93 3619 128 3689 ¹¹)
142 3619 433 3675 DurchdieSchlacht
444 3620 618 3676 beiLeuctra
671 3618 749 3674 einer
772 3635 837 3673 vom
855 3619 995 3674 Achelous
1017 3621 1236 3691 neugebildeten

55 3695 128 3830 3Ἷὶ)
160 3760 314 3845 vrenqnn
348 3762 417 3816 rm
458 3763 531 3816 naon
567 3762 618 3815 uer
670 3690 753 3830 mii
775 3747 851 3816 beer
882 3762 937 3816 cen
969 3762 1123 3834 nonjunn.
1156 3762 1233 3817 nene

57 3831 193 3887 Schlacht
210 3832 257 3887 ber
274 3833 405 3899 Leuctra,
424 3838 485 3888 870.
672 3834 754 3888 Anm.
774 3850 808 3886 zu
827 3832 939 3886 Datam.
958 3833 993 3901 H,
1013 3840 1038 3889 3.

94 3903 128 3972 ¹⁴)
146 3903 179 3958 In
202 3904 253 3958 der
278 3904 478 3973 nochmaligen
500 3903 618 3972 Angabe
712 3903 746 3971 ²⁷)
765 3903 888 3957 Numero
902 3906 949 3972 „in
964 3903 1014 3958 der
1023 3903 1233 3972 Eigenscbalt“.

57 3973 104 4029 des
123 3973 257 4045 Subjekts
280 3975 352 4045 liegt
374 3991 427 4029 nur
448 3972 510 4029 eine
529 3975 618 4028 durch
671 3973 736 4043 Vgl.
755 3973 890 4044 Nagelsb.
910 3973 973 4031 Stil.
993 3979 1008 4040 5
1026 3981 1052 4040 8,
1071 3977 1095 4027 ὅ.
1115 4004 1148 4013 -
1167 3973 1234 4027 Man

57 4042 619 4101 dieZwischensttzeveranlalsteleichtc
673 4061 732 4099 war
745 4044 1233 4114 mitdenErfolgeneeinesaweiten

56 4115 256 4172 Anakoluthie.
673 4114 793 4171 Einfalls
805 4116 836 4170 in
850 4115 895 4170 die
906 4115 1079 4183 Peloponnes
1092 4113 1133 4168 im
1144 4114 1233 4168 Fren-

93 4187 127 4256 ¹¹)
146 4187 210 4242 Von
233 4188 384 4242 clamenus
403 4187 561 4243 Anlnahme
588 4185 618 4240 in
669 4187 736 4256 jahr
749 4192 801 4242 868
817 4185 1005 4242 unaufrieden.
1033 4185 1114 4240 Scine
1126 4184 1234 4263 Wider-

58 4255 153 4313 Athen
184 4257 223 4314 ist
238 4260 332 4314 sonet
362 4257 455 4314 nichts
484 4256 618 4314 bekannt.
673 4259 771 4312 sacher
788 4258 818 4311 in
836 4256 950 4311 Theben
969 4255 1127 4310 bewirkten
1146 4256 1234 4311 daher

56 4325 93 4381 Er
129 4329 198 4384 land
233 4328 372 4384 vielmehr
407 4328 535 4384 Zuflucht
570 4328 622 4383 auf
672 4328 748 4383 seina
771 4328 933 4397 Absetrung
958 4345 1022 4383 vom
1046 4329 1128 4382 Amte
1156 4326 1233 4383 eines
