2812 4786
533 157 620 214 ΧΧΠ.
648 156 847 212 HANNIBAL.
872 164 896 213 1.
916 162 941 214 2.

531 429 644 502 XXII.
685 428 954 502 HANNIBAL.

119 604 133 653 1
242 586 268 651 Ι.
304 586 539 672 Hannibalem,
560 584 757 651 Hamilcaris
780 586 897 669 filium,
920 582 1225 672 Carthaginiensem
1232 636 1241 671 ‚
1267 610 1333 654 non

154 681 204 741 est
230 675 436 740 infitiandum
463 679 557 740 tanto
584 674 789 759 praestitisse
821 678 946 740 ceteros
978 672 1226 761 imperatoresl)
1256 699 1334 761 prn-

153 765 273 847 dentia,
296 768 418 848 quanto
440 764 581 848 populus
600 763 765 829 Romanus
790 763 960 828 antecedat
978 763 1169 828 fortitudine
1193 769 1331 832 cunctas

118 869 135 920 a
153 853 310 917 nationes.
347 851 433 917 Nam
448 852 736 937 quotienscumque
751 871 944 936 congressus
959 855 1009 917 est
1026 853 1061 916 in
1075 850 1182 937 Italia,
1201 875 1335 939 semper

154 941 303 1006 discessit
334 941 490 1026 superior.
546 939 639 1016 Quod
669 940 736 1005 nisi
769 940 857 1006 domi
887 939 1006 1005 civium
1039 962 1172 1006 suorum
1204 942 1332 1008 invidia

153 1030 340 1095 debilitatus
373 1033 473 1114 esset,
501 1029 666 1095 Romanos
695 1029 821 1094 videtur
850 1049 1003 1112 superare
1030 1026 1219 1117 potuisse²).
1266 1029 1332 1096 Sed

154 1119 330 1184 multorum
354 1118 549 1184 obtrectatio
573 1117 689 1182 devicit
712 1118 807 1182 unius
831 1117 995 1182 virtutem.

120 1224 133 1271 1
242 1206 283 1274 II.
320 1207 496 1272 Paternum
521 1210 628 1270 autem
651 1206 687 1270 in
709 1205 876 1271 Romanos
900 1204 1009 1270 odium
1033 1206 1123 1270 velut
1144 1204 1332 1273 hereditate

153 1296 303 1361 relictum
332 1296 378 1360 sic
406 1287 620 1377 conservavit,
648 1300 685 1359 ut
711 1294 801 1378 prius
830 1293 971 1359 animam
999 1316 1096 1378 quam
1124 1295 1205 1359 illud
1228 1295 1332 1380 depo-

154 1385 268 1467 suerit,
305 1384 360 1467 qui
397 1382 540 1468 quidem,
577 1405 650 1448 cum
687 1384 793 1466 patria
828 1379 976 1469 pulsus⁸)
1012 1382 1191 1448 alienarum
1228 1405 1333 1468 opum

154 1473 324 1555 indigeret,
355 1493 532 1556 numquam
566 1471 728 1536 destiterit
760 1471 870 1536 animo
902 1470 1026 1536 bellare
1058 1492 1130 1535 cum
1159 1471 1332 1541 Romanis.

118 1577 133 1624 a
153 1559 239 1625 Nam
263 1563 300 1624 ut
322 1559 473 1625 omittam
496 1556 727 1645 Philippum⁴)‚
759 1581 854 1645 quern
878 1560 995 1624 absens
1018 1559 1146 1624 hostem
1169 1560 1332 1627 Romanis

154 1649 303 1733 reddidit,
318 1648 462 1714 omniurn
482 1649 548 1713 illis
568 1649 769 1732 temporibus
783 1648 1028 1734 potentissimus
1046 1669 1103 1714 rex
1113 1646 1332 1736 Antiochus5)

63 1753 65 1758 '
154 1737 226 1803 fuit.
262 1736 357 1802 Hunc
375 1739 468 1802 tanta
486 1737 663 1823 cupiditate
681 1737 825 1802 incendit
843 1736 994 1821 bellandi,
1017 1740 1172 1823 utusque
1191 1760 1210 1801 a
1227 1739 1331 1804 rubro

120 1827 238 1892 amari
262 1849 353 1891 arma
376 1832 511 1892 conatus
540 1827 583 1890 sit
604 1826 721 1890 inferre
740 1825 865 1890 Italiae.
902 1825 954 1889 Ad
974 1847 1068 1909 quem
1088 1847 1161 1890 cum
1185 1827 1226 1907 [a.
1248 1828 1330 1910 192]

156 1914 258 2000 legati
284 1914 448 1979 venissent
475 1914 628 1996 Romani,
661 1915 717 1999 qui
749 1914 788 1978 de
821 1913 889 1978 eius
922 1915 1091 1979 voluntate
1122 1915 1334 1999 explorarent

156 2001 333 2086 darentque
366 2024 498 2085 operam
536 2002 682 2068 consiliis
716 2001 940 2085 clandestinis,
972 2007 1010 2067 ut
1040 2002 1263 2068 Hannibalem
1295 2006 1333 2069 in

156 2090 373 2173 suspicionem
396 2092 468 2174 regi
492 2090 696 2174 adducerent,
718 2111 823 2176 neque
845 2091 879 2155 id
902 2090 1026 2156 frustra
1046 2091 1215 2175 fecissent,
1238 2091 1332 2158 Han-

155 2179 255 2263 nibal,
277 2179 335 2243 ubi
358 2178 391 2242 id
410 2179 568 2263 comperit
588 2200 684 2264 seque
703 2179 745 2244 ab
764 2178 972 2245 interioribus
991 2180 1136 2244 consiliis
1161 2183 1331 2264 segregari

120 2267 251 2351 evicit,
280 2273 426 2351 tempore
450 2268 525 2332 dato
549 2267 631 2331 adiit
653 2268 694 2332 ad
717 2289 842 2354 regem,
865 2267 957 2352 eique
980 2290 1052 2333 cum
1075 2268 1180 2332 multa
1203 2268 1242 2332 de
1266 2270 1333 2335 fide

157 2378 215 2421 sua
238 2359 272 2420 et
295 2356 368 2421 odio
391 2355 426 2419 in
449 2355 616 2421 Romanos
640 2359 934 2441 commemorasset,
956 2356 1018 2421 hoc
1039 2357 1199 2421 adiunxit:
1223 2356 1332 2440 ‘pater

156 2443 268 2530 meus',
300 2444 418 2529 inquit,
451 2443 644 2528 Hamilcar,
676 2446 811 2528 puerulo
844 2466 911 2528 me,
943 2449 1056 2528 utpote
1088 2466 1154 2510 non
1187 2447 1331 2530 amplius

153 2555 270 2599 novem
299 2555 401 2599 annos
428 2537 521 2617 nato,
547 2535 582 2597 in
605 2531 798 2617 Hispaniam
825 2533 1003 2617 imperator
1026 2530 1225 2618 Carthagine
1256 2558 1332 2618 pro-

118 2637 133 2684 t
153 2619 334 2706 ficiscens⁶)
353 2621 424 2686 Iovi
445 2623 569 2706 optimo
590 2623 731 2687 maximo
750 2621 874 2686 hostias
893 2622 1083 2688 immolavit.
1109 2621 1198 2698 Quae
1217 2622 1333 2688 divina

153 2732 204 2775 res
229 2709 304 2774 dum
327 2710 507 2795 conficitur,
537 2711 697 2795 quaesivit
725 2733 745 2774 a
767 2732 818 2774 me
841 2709 1000 2774 vellemne
1029 2732 1138 2776 secum
1159 2711 1195 2774 in
1218 2715 1332 2778 castra

153 2799 323 2882 proficisci.
368 2797 405 2862 Id
435 2820 509 2862 cum
541 2798 681 2863 libenter
713 2798 910 2882 accepissem
943 2803 1040 2884 atque
1073 2799 1113 2864 ab
1147 2820 1184 2864 eo
1217 2804 1331 2884 petere

154 2887 395 3039 qqepisqleimfipe
419 2908 529 2950 secum
552 2908 604 2951 me
622 2887 736 3039 dqqqre
760 2887 932 3039 {agitaret
953 2887 1019 3040 isile,
1038 2884 1331 3040 ‘liaciam',dinquit,

166 2997 194 3039 sr
218 2996 263 3039 mr
372 2994 435 3053 em,
487 2996 562 3038 uam
613 2996 649 3039 os
702 2996 720 3039 ο
784 2997 908 3039 eerrs.
978 2998 1043 3041 rmu
1086 2998 1136 3040 me
1165 2998 1185 3040 a
1234 2999 1330 3042 aram

154 3064 299 3148 adduxit,
336 3063 419 3145 apud
456 2997 553 3148 (inam
586 2997 765 3128 iaetifica're
802 3065 1004 3147 instituerat,
1041 3085 1175 3149 eamque
1212 3068 1329 3130 ceteris

153 3154 286 3219 remotis
310 3156 476 3217 tenentem
499 3153 606 3217 iurare
629 3152 734 3235 iussit,
754 3174 932 3236 numquam
956 3175 1007 3217 me
1030 3153 1065 3217 in
1088 3153 1231 3219 amicitia
1254 3176 1330 3219 cum

47 3298 50 3304 .
119 3253 134 3304 o
153 3242 309 3307 Romanis
329 3242 406 3308 fore.
442 3240 481 3305 Id
500 3261 561 3324 ego
579 3241 803 3306 iusiurandum
826 3241 912 3325 patri
931 3241 1043 3305 datum
1061 3263 1162 3325 usque
1184 3242 1225 3306 ad
1244 3242 1330 3307 hanc

155 3335 297 3395 aetatem
325 3331 372 3394 ita
399 3330 600 3413 conservavi,
629 3333 666 3394 ut
688 3329 810 3394 nemini
834 3328 967 3393 dubium
996 3351 1066 3394 esse
1089 3329 1219 3413 debeat,
1247 3333 1328 3416 quin

139 3415 278 3502 *reliquo
293 3422 439 3501 tempore
458 3419 570 3484 eadem
589 3422 696 3482 mente
716 3418 779 3482 sim
792 3416 931 3482 futurus.
959 3416 1066 3493 Quare
1085 3418 1204 3502 siquid
1220 3421 1328 3485 amice

154 3507 192 3570 de
216 3506 374 3571 Romanis
397 3508 568 3593 cogitabis,
590 3528 656 3571 non
679 3506 899 3591 imprudenter
921 3505 1044 3589 feceris,
1063 3507 1092 3570 si
1115 3527 1166 3570 me
1191 3508 1324 3573 calaris:

193 3713 213 3784 ¹)
232 3713 362 3769 Gemaint
384 3713 447 3767 sind
464 3731 517 3767 nur
540 3715 585 3769 die
604 3714 709 3784 gleich·
801 3716 823 3785 ⁴)
847 3714 962 3786 Philipp
979 3715 1028 3770 ΙΙΙ.
1058 3731 1115 3771 von
1141 3714 1328 3773 Macedonien

152 3783 216 3840 aeit‘
239 3802 273 3840 en
287 3783 446 3839 rtmischen
460 3783 637 3853 Feldmrren,
656 3787 710 3840 wie
762 3791 912 3842 ato-179.
950 3787 1071 3856 Vertrag
1098 3787 1239 3842 awischen
1267 3787 1327 3842 ihm

37 3874 40 3879 ’
152 3872 202 3911 aus
236 3873 266 3911 er
278 3855 430 3925 folgenden
441 3853 632 3926 Begrdndung
646 3856 709 3910 her·
762 3857 820 3911 und
837 3855 980 3912 Hannibal
998 3862 1059 3912 215.

151 3929 279 3998 mrtem·
805 3946 826 4013 5)
845 3945 1000 4000 Antiochus
1016 3945 1064 4000 ΠΙ.
1087 3947 1137 4000 der
1155 3944 1253 4002 (droise
1272 3963 1329 4002 von

190 4014 492 4085 ¹)Gleicbbadeutend
520 4016 573 4070 mit
601 4033 712 4085 supera·
767 4014 866 4084 Syrien
884 4020 1035 4073 aaa-18⁷.

151 4092 230 4140 turus
248 4086 343 4142 filim.
381 4086 460 4142 Olllle
485 4086 530 4140 dle
548 4087 711 4156 Abbiiallglg·
803 4103 826 4174 ὅ)
848 4102 905 4160 Das
931 4107 1003 4174 part·
1032 4121 1121 4176 praes·
1150 4104 1186 4160 de
1214 4110 1326 4174 conatu,

153 4157 214 4212 keit
231 4173 288 4212 ron
305 4157 417 4212 videtur
434 4159 530 4213 wdrde
553 4173 582 4212 es
601 4156 713 4213 einfach
765 4175 819 4230 wie
838 4178 918 4231 ,onst
936 4178 986 4230 der
998 4175 1082 4233 indic·
1101 4175 1140 4231 im
1162 4176 1222 4244 οἴῃ,
1239 4177 1329 4233 findet

152 4230 314 4297 ⁸¹¹P⁰1⁸⁸⁸⁰i
330 4227 448 4283 h0ff⁸⁰1¹·
475 4227 539 4298 Vssl·
559 4226 625 4283 0⁰¹³·
645 4229 666 4296 Is
686 4233 710 4281 3·
766 4245 826 4301 sich
846 4245 932 4302 crters
954 4245 984 4302 in
1002 4246 1113 4304 Ciceros
1157 4247 1246 4303 riefen
1269 4249 1327 4302 und

190 4314 211 4384 ⁰)
229 4316 294 4386 Vgl.
313 4315 373 4385 Vll,
392 4323 470 4372 a-i.
765 4317 812 4372 bei
829 4316 934 4372 Livius.
