2812 4786
517 197 682 257 aericus,
705 206 793 255 4-c.
1202 198 1244 262 87

66 389 157 431 arma
180 366 305 448 ferrem,
328 363 458 428 Italiam
482 362 621 446 reliqui’.
662 362 708 425 At
731 361 820 428 Sulla
844 362 1060 428 adulescentis
1085 361 1191 426 officio
1199 359 1239 446 l¹)

67 455 251 519 collaudato
266 453 374 518 omnia
390 453 419 516 ei
433 473 577 534 munera,
591 472 674 536 quae
685 450 822 517 Athenis
840 456 1017 536 acceperat,
1031 450 1240 535 proficiscens

68 544 166 608 iussit
189 541 312 606 deferri.
357 540 479 606 Verum
503 540 559 604 ille
582 539 764 624 complures
787 541 834 605 ibi
858 562 960 605 annos
984 542 1146 623 moratus,
1168 560 1242 602 oum
1263 556 1278 603 3

69 638 101 695 et
124 630 171 695 rei
193 629 346 695 familiari
368 633 498 694 tantum
523 650 638 712 operae
662 627 766 709 daret,
795 634 953 714 quantum
975 651 1042 693 non
1065 627 1241 711 indiligens

67 721 197 784 deberet
224 724 319 804 pater
340 717 495 802 familias,
523 722 556 780 et
579 717 688 781 omnia
715 717 838 801 reliqua
861 722 1010 802 tempora
1037 719 1094 781 aut
1122 715 1241 780 litteris

68 813 124 872 aut
147 806 397 871 Atheniensium
424 806 642 889 reipublicae
669 805 841 888 tribueret,
871 806 973 871 nihilo
998 808 1104 870 minus
1129 804 1241 868 amicis

65 894 235 979 urbanam)
269 894 376 959 officia
408 895 579 978 praestitit
632 892 718 958 Nam
742 897 775 958 et
802 894 842 958 ad
866 895 1000 959 comitia
1029 915 1139 958 eorum
1168 909 1278 957 ven-4

66 982 226 1066 titavitll)
255 988 301 1067 et,
329 984 357 1047 si
390 1005 453 1067 qua
480 1005 532 1047 res
560 984 665 1047 maior
697 988 770 1047 acta
800 986 863 1065 est,
895 1004 961 1048 non
988 983 1102 1047 defuit.
1149 980 1241 1046 Sicut

64 1078 181 1157 postea
204 1070 349 1137 Ciceroni
378 1074 411 1135 in
440 1072 591 1136 omnibus
621 1071 773 1154 periculis
802 1071 999 1157 singularem
1022 1070 1119 1136 fidem
1148 1091 1239 1152 prae-

67 1161 150 1225 buit:
188 1162 238 1225 oui
276 1182 315 1224 ex
347 1160 456 1243 patria
487 1160 627 1244 fugienti
660 1161 844 1224 sestertium
877 1159 1015 1225 ducenta
1047 1163 1081 1224 et
1114 1160 1155 1238 [a.
1178 1158 1238 1238 58]

65 1250 301 1334 quinquaginta
323 1245 460 1334 milia14)
486 1249 626 1314 donavit.
667 1248 901 1332 Tranquillatis
930 1253 1040 1313 autem
1063 1248 1159 1311 rebus
1188 1263 1278 1311 res

64 1344 221 1491 tltlsl
236 1337 647 1510 attollitis
666 1334 1239 1491 illst·indaletii}

65 1520 238 1598 prosecuta
266 1518 329 1596 est,
355 1518 393 1578 ut
420 1514 562 1578 lacrimis
593 1514 742 1578 desiderii
770 1514 872 1578 futuri
895 1515 1041 1580 dolorem
1071 1512 1239 1577 indicaret.

155 1602 196 1667 V.
225 1601 379 1665 Habebat
402 1602 596 1666 avunculum
620 1602 656 1677 Q.
677 1599 859 1684 Caecilium,
883 1603 1025 1686 equitem
1043 1601 1238 1686 Romanum,
1260 1619 1274 1667 1

64 1689 260 1754 familiarem
278 1687 313 1754 L.
327 1687 507 1775 Luculli¹⁵),
527 1689 658 1754 divitem
678 1689 878 1774 eundemque
889 1690 1089 1770 ,difficillima
1107 1694 1237 1754 natura:

65 1780 155 1842 cuius
180 1780 226 1844 sic
250 1779 460 1860 asperitatem
478 1778 601 1843 veritus
625 1782 683 1857 est,
705 1782 751 1861 ut,
775 1787 870 1861 quem
892 1800 987 1843 nemo
1010 1778 1094 1843 ferre
1117 1780 1239 1862 posset,

65 1869 133 1931 eius
157 1868 226 1931 sine
250 1867 424 1932 offensione
448 1867 488 1931 ad
513 1889 672 1931 summam
703 1871 901 1931 senectutem
923 1867 1078 1930 retineret
1100 1867 1239 1932 benevo-

64 1955 208 2020 lentiam.
254 1956 323 2031 Quo
352 1954 438 2019 facto
474 1956 551 2019 tulit
587 1955 720 2038 pietatis
757 1955 908 2021 fructum.
954 1953 1112 2021 Caecilius
1149 1955 1273 2021 anima

64 2046 206 2108 moriens
218 2047 415 2108 testamento
430 2043 600 2127 adoptavit
614 2066 688 2109 eum
697 2043 910 2128 heredemque
924 2044 1003 2109 fecit
1017 2065 1056 2108 ex
1066 2042 1238 2109 dodrante:

64 2153 104 2195 ex
128 2155 192 2215 qua
214 2133 392 2197 hereditate
416 2133 540 2216 accepit
563 2132 691 2198 circiter
709 2133 829 2197 centies
837 2129 875 2219 16)
900 2133 1094 2198 sestertium.
1120 2133 1161 2212 [a.
1178 2132 1237 2214 58]

64 2220 147 2284 Erat
169 2226 271 2304 nupta
280 2219 317 2306 l⁷)
342 2243 434 2286 soror
456 2222 560 2286 Attici
585 2221 620 2297 Q.
646 2221 754 2287 Tullio
779 2219 941 2298 Ciceroni,
964 2243 1083 2307 easque
1106 2221 1238 2305 nuptias
1261 2242 1277 2289 3

65 2308 107 2372 M.
132 2308 243 2374 Cicero
269 2311 465 2391 conciliarat,
489 2332 561 2374 eum
590 2331 653 2393 quo
678 2333 696 2373 a
725 2309 982 2392 condiscipulatu
1005 2310 1136 2373 vivebat
1164 2329 1239 2374 oon-

64 2397 281 2479 iunctissime,
313 2399 415 2461 multo
449 2399 548 2460 etiam
580 2398 773 2460 familiarius
806 2419 904 2480 quam
936 2419 1009 2462 cum
1033 2397 1171 2480 Quinte,
1203 2401 1241 2462 ut

64 2485 200 2548 iudicari
228 2486 332 2567 possit
358 2486 431 2566 plus
459 2484 493 2547 in
526 2484 670 2548 amicitia
698 2486 805 2550 valere
833 2484 1078 2550 similitudinem
1110 2486 1237 2550 morum

64 2595 162 2655 quam
190 2572 397 2636 adfinitatem.
448 2571 538 2636 Idem
567 2571 603 2648 Q.
627 2572 819 2656 Hortensio,
852 2574 908 2659 qui
937 2573 1002 2638 illis
1034 2574 1273 2658 temporibus4

64 2661 283 2744 principatum
306 2660 507 2746 eloquentiae
530 2662 681 2745 tenebat,
703 2661 816 2727 intime
839 2663 1004 2746 utebatur,
1029 2666 1066 2726 ut
1087 2657 1241 2749 intellegi

64 2771 130 2813 non
157 2752 284 2834 posset,
316 2752 388 2813 uter
421 2771 494 2814 eum
523 2751 595 2834 plus
623 2750 789 2835 diligeret,
820 2749 931 2816 Cicero
960 2773 1003 2816 an
1026 2751 1239 2816 Hortensius:

63 2844 161 2922 atque
189 2838 238 2920 id,
270 2838 354 2922 quod
388 2842 459 2903 erat
487 2838 727 2924 difficillimum,
760 2839 935 2924 efficiebat,
964 2845 1014 2918 ut,
1042 2840 1128 2923 inter
1156 2863 1238 2925 quos

63 2931 157 2990 tanta
179 2926 285 2990 laudis
310 2929 395 2991 esset
418 2928 603 3006 aemulatio,
626 2928 715 2992 nulla
737 2927 950 2993 intercederet
973 2929 1179 2994 obtrectatio.

152 3015 208 3078 VI.
231 3015 271 3079 In
294 3037 328 3079 re
351 3016 481 3098 publica
504 3017 552 3080 ita
575 3019 626 3080 est
647 3020 805 3096 versatus,
828 3021 863 3081 ut
888 3038 1014 3101 semper
1037 3017 1235 3099 optimarum
1256 3037 1270 3085 1

62 3104 204 3186 partium
233 3109 265 3167 et
292 3107 378 3168 esset
406 3107 439 3168 et
466 3104 719 3183 existimaretur,
749 3127 852 3190 neque
880 3110 991 3169 tamen
1020 3104 1169 3169 civilibus
1201 3127 1235 3169 se

62 3192 213 3254 fluctibus
233 3191 459 3275 committeret,
478 3193 564 3275 quod
586 3214 654 3257 non
672 3194 786 3277 magis,
806 3193 861 3277 qui
888 3214 921 3257 se
940 3192 993 3256 his
1013 3191 1183 3276 dedissent,
1202 3194 1237 3257 in

63 3302 122 3342 sua
136 3281 298 3362 potestate
318 3279 526 3344 existimabat
544 3302 624 3365 esse,
643 3302 739 3364 quam
759 3281 814 3366 qui
834 3281 1006 3346 maritimis
1030 3280 1238 3347 iactarentur.

62 3367 221 3447 Honores,
245 3387 318 3430 cum
340 3369 370 3432 ei
391 3372 539 3452 paterent
560 3373 695 3453 propter
718 3370 769 3433 vel
794 3369 932 3454 gratiam
955 3370 1007 3434 vel
1032 3369 1273 3454 dignitatemr

62 3477 128 3520 non
157 3457 265 3538 petiit,
296 3457 382 3541 quod
409 3479 513 3542 neque
545 3458 617 3540 capi
649 3463 785 3541 possent
816 3460 1014 3524 conservatis
1045 3459 1174 3543 legibus
1203 3461 1238 3525 in

84 3648 136 3770 3:5¹)
155 3646 342 3772 Oqfircilqqueist
350 3647 405 3772 l:ein
419 3647 623 3774 fflresbquqis
678 3648 950 3776 Spstergqenwheqnen
986 3650 1149 3707 Silberwert
1184 3668 1241 3707 von

61 3735 623 3856 {aeddanldensclien,1h¹ietalsheiebewaii
678 3737 751 3878 eid,
768 3737 954 3865 Diosqrilgiss
970 3811 1030 3866 ,ich
1043 3809 1239 3865 immithridg.

60 3859 194 3940 Giliissfflv
218 3858 317 3940 ΕῙΡΘΓΠ
338 3860 396 3941 und
419 3859 507 3929 θῙῙθΠ,
532 3879 623 3931 gegen
676 3878 788 3934 tischen
809 3879 911 3951 Kriege
939 3883 1034 3951 grosso
1057 3879 1239 3935 Reichtllmer

61 3931 108 3985 (11⁰
128 3946 194 3984 man
212 3931 318 3999 hfflllsse
336 3930 475 3985 Pfllsshlffil
491 3932 551 3987 hat.
677 3952 820 4006 erworben
838 3954 896 4007 und
911 3970 969 4007 war
983 3952 1059 4008 einer
1074 3952 1123 4005 der
1136 3951 1238 4021 uppig-

101 4001 134 4140 xl
153 4001 305 4127 Iffmfflffiie
341 4030 551 4143 B'ewerbungen
586 4091 620 4127 zu
676 4024 739 4076 sten
757 4023 861 4078 Romer
880 4023 971 4078 seiner
990 4024 1058 4077 Zeit.

61 4144 264 4199 unterstfitzen.
713 4127 736 4158 ¹⁶
765 4128 797 4183 D.
817 4128 845 4184 h.
874 4129 979 4184 centies
1007 4130 1125 4183 centena
1150 4127 1237 4186 milia.

101 4213 134 4282 14)
152 4212 224 4268 vom
257 4212 491 4269 sensisseeos
517 4214 621 4285 sesego
673 4186 796 4253 ilhnich
815 4198 888 4267 XIV.
907 4205 932 4254 2·

60 4283 105 4337 bis
124 4283 176 4338 auf
190 4283 348 4354 Augustus,
371 4287 401 4340 in
426 4286 475 4340 der
493 4287 554 4342 Zeit
572 4287 621 4341 der
713 4288 747 4356 ¹⁷)
767 4287 828 4342 Scit
846 4289 909 4342 dem
926 4289 1011 4342 Jahre
1031 4294 1073 4346 65.
1118 4287 1238 4359 Subjeht

61 4355 159 4411 reinen
178 4356 413 4426 Silherwthrung,
432 4358 532 4413 hatten
550 4362 620 4413 1000
674 4376 708 4412 au
726 4360 843 4414 vivebat
860 4357 899 4413 ist
916 4358 1036 4417 Atticus}
