2844 4800
551 194 650 250 XVIII.
682 193 866 249 EUMENES.
893 201 917 252 1.
1276 197 1319 261 63

10 409 22 419 .
138 359 232 424 satis.
280 356 375 434 Quod
397 356 428 421 ei
450 379 513 421 usu
536 357 639 436 venit,
667 379 740 422 cum
764 357 989 441 octogenarius
1013 357 1156 423 subsidio
1177 359 1218 439 [a.
1239 360 1354 441 361]2

10 442 28 450 ’
139 446 258 513 Tacho
280 446 317 511 in
331 445 519 530 Aegyptum
542 446 623 510 isset
642 446 727 510 etin
746 450 819 509 acta
838 446 1040 511 accubuisset
1059 447 1127 511 sine
1147 447 1213 512 ullo
1234 453 1319 513 tecto

138 539 347 619 atratumque
365 533 503 599 baberet
525 534 601 617 tale,
623 539 661 598 ut
682 537 772 598 terra
788 538 876 599 tecta
899 538 984 599 esset
1005 535 1194 602 stramentis
1216 557 1319 621 neque

10 612 49 695 Ὗ,
139 644 180 689 eo
204 623 349 706 amplius
369 643 467 707 quam
486 621 581 705 pellis
605 625 691 686 esset
710 620 838 703 iniecta,
862 622 1036 708 eodemque
1056 625 1189 688 comites
1208 646 1318 690 omnes

10 736 62 804 ξ’
138 710 373 778 accubuissent
394 710 515 775 vestitu
538 709 657 774 humili
680 713 778 794 atque
802 711 961 794 obsoleto,
989 716 1026 776 ut
1049 733 1160 778 eorum
1184 717 1318 778 ornatus

137 821 207 866 non
225 800 326 866 modo
348 800 384 863 in
406 794 528 884 istisw)
552 819 662 882 regem
685 799 848 863 neminem
868 799 1072 885 significaret,
1095 801 1151 865 sed
1169 801 1317 866 homiues

49 966 57 971 ,
138 908 206 953 non
224 888 438 953 beatissimos
462 907 533 952 esse
551 886 768 970 suspicionem
787 887 966 970 praeberet.
1007 887 1099 953 Illius
1118 889 1157 953 de
1176 890 1317 955 adventu
1336 905 1353 955 a

10 1042 15 1051 ,
50 1026 57 1031 -
138 997 212 1043 cum
236 976 327 1042 fama
351 977 392 1041 ad
414 976 522 1060 regios
546 979 632 1040 esset
654 976 792 1060 perlata,
821 977 969 1041 celeriter
992 999 1126 1041 munera
1149 999 1187 1042 eo
1212 980 1318 1043 cuius·

10 1054 52 1151 *s
138 1065 188 1131 sis
216 1066 347 1151 generis
374 1068 454 1130 sunt
482 1065 590 1129 allata.
636 1063 874 1140 Quaerentibus
905 1068 1014 1130 autem
1042 1065 1233 1148 Agesilaum
1262 1070 1317 1132 vix

10 1178 20 1188 ·
139 1152 218 1219 fides
241 1153 542 1234 successurum
565 1173 635 1216 esse
659 1173 698 1216 ex
719 1152 801 1236 illis,
825 1153 972 1236 quitum
996 1154 1206 1218 accubabant.
1253 1154 1352 1231 Quia

141 1261 213 1307 cum
239 1243 329 1327 regis
353 1241 460 1306 verbis
489 1262 573 1324 quae
596 1241 775 1306 attulerant
797 1241 974 1321 dedissent,
1004 1242 1059 1307 ille
1082 1246 1211 1325 praeter
1233 1243 1315 1307 vitu·

55 1354 61 1359 ·
142 1328 244 1396 Mam
266 1337 301 1395 et
320 1329 480 1396 eiusmodi
503 1349 623 1414 genera
646 1330 783 1409 obsonii,
807 1352 889 1414 quae
906 1351 1060 1413 praesens
1084 1336 1212 1414 tempus
1234 1332 1317 1395 desi·

144 1416 289 1503 durabat,
322 1418 406 1483 nihil
434 1418 572 1501 accepit:
599 1422 778 1503 unguenta,
806 1439 942 1483 coronas
971 1420 1206 1504 secundamque
1229 1441 1315 1484 men·

229 1773 276 1837 At
308 1793 381 1837 cum
414 1793 453 1836 ex
485 1771 639 1855 Aegypto
671 1775 899 1856 reverteretur,
931 1771 1070 1836 donatus
1102 1776 1153 1836 eet
1184 1794 1204 1836 a
1237 1791 1348 1856 reges

10 1870 70 1919 ru
153 1852 407 1946 Naanabideffl)
436 1860 582 1924 ducentis
609 1859 726 1944 uiginti
753 1860 901 1942 talentis,
929 1881 1010 1944 quae
1038 1860 1163 1924 muneri
1191 1863 1312 1944 populo

10 1962 66 2001 -·!·
155 1963 202 2014 suo
223 1949 325 2015 daret
368 1947 431 2014 Sed
455 1970 528 2014 cum
551 1949 693 2012 venisset
715 1949 750 2012 in
772 1952 913 2032 portum,
936 1950 991 2033 qui
1009 1947 1151 2014 Menelai
1169 1954 1312 2034 uocatur,

32 2042 59 2081 ἰ*
150 2028 245 2103 iacens
271 2037 360 2103 inter
387 2035 532 2121 Cyrenas
560 2040 593 2101 et
621 2036 820 2121 Aegyptum,
847 2037 884 2102 in
911 2039 1061 2104 morbum
1089 2036 1312 2124 implicitus21)

10 2119 51 2215 J*
146 2117 285 2193 decessit
320 2125 373 2191 Ibi
391 2146 464 2190 eum
484 2125 589 2209 amici,
613 2147 677 2208 quo
692 2124 844 2210 Spartam
863 2125 991 2191 facilius
1009 2127 1151 2210 perferre
1169 2133 1311 2212 possent,
1331 2145 1346 2193 s

10 2210 42 2249 “-
139 2214 224 2286 quod
249 2215 315 2280 mel
343 2235 409 2279 nou
436 2213 618 2293 habebant,
649 2234 723 2278 cera
751 2214 1026 2279 circumfuderunt
1057 2219 1154 2300 atque
1182 2217 1230 2280 ita
1258 2216 1311 2280 do-

10 2292 33 2423 J
129 2304 228 2368 ”lum
248 2299 502 2387 rettuleruntffl).

517 2587 649 2661 XVIII.
685 2584 927 2659 EUMENES.

222 2726 248 2794 Ι.
280 2726 436 2792 Eumenis
464 2724 614 2792 Cardiani
646 2727 762 2791 virtuti
795 2726 823 2790 si
854 2747 914 2811 par
952 2725 1028 2791 data
1055 2731 1141 2791 esset
1170 2725 1344 2812 fortunar

90 2802 202 2881 '¹011
232 2817 290 2881 ille
323 2815 451 2901 quidem
479 2817 597 2901 maior,
628 2814 714 2899 quod
747 2835 883 2899 magnos
915 2836 976 2880 nos
1008 2815 1156 2880 homines
1188 2816 1309 2881 virtute

10 2926 12 2943 ²
87 2890 298 2988 111etimur,
319 2925 386 2970 uon
408 2903 550 2987 fortuna,
572 2904 629 2970 sed
652 2904 756 2969 multo
778 2903 939 2968 illustrior
962 2907 1060 2988 atque
1084 2905 1183 2970 etiam
1206 2905 1309 2970 hono-

82 2975 237 3059 rufior
257 2992 385 3059 fuisset.
429 2991 515 3058 Nam
539 3015 611 3058 cum
635 2997 725 3058 aetas
749 2993 818 3056 eius
842 2993 1010 3057 incidisset
1032 2993 1066 3056 in
1090 3013 1128 3056 ea
1150 2996 1343 3076 tempora,s

80 3066 252 3149 ‘lutcus
274 3080 471 3147 Macedones
493 3083 660 3164 florerent,
690 3081 830 3146 multum
854 3082 885 3145 ei
908 3080 1048 3144 detraxit
1070 3082 1155 3144 inter
1178 3082 1238 3146 hos
1261 3082 1308 3145 vi-

76 3150 238 3255 veuti,
259 3170 347 3256 quod
369 3168 493 3235 alienae
522 3174 592 3235 erat
613 3169 768 3236 civitatis:
794 3190 898 3252 neque
922 3169 1008 3233 aliud
1032 3169 1061 3232 ei
1084 3168 1187 3233 defuit
1210 3188 1342 3253 quams

70 3240 294 3370 ¹{Quercus
320 3259 435 3342 stirps,
466 3259 528 3324 etsi
557 3258 732 3323 demestico
761 3278 887 3322 summo
920 3277 1037 3341 genere
1066 3260 1143 3320 erat.
1193 3254 1308 3340 Neque

95 3340 245 3415 Quaen
269 3368 337 3412 non
359 3347 570 3430 patiebantur
592 3346 800 3430 Macedones,
829 3345 976 3430 quamvis
1001 3345 1134 3430 indigne
1157 3345 1308 3429 ferentes,

68 3414 205 3522 ⁹¹31n
238 3434 303 3502 sibi
335 3435 510 3520 aliquando
544 3436 709 3519 anteponi.
763 3432 926 3499 Vinccbat
958 3433 1044 3497 enim
1077 3455 1189 3500 omnes
1223 3456 1308 3519 cura,

67 3503 318 3612 *gilantia
338 3524 508 3609 patientia,
531 3523 718 3606 calliditate,
740 3523 863 3608 ingenii
887 3521 1063 3587 celeritate.
1113 3598 1116 3602 „

220 3608 544 3679 Peradulescentulus
568 3612 606 3678 ad
631 3612 808 3676 amicitiam
837 3611 975 3675 accessit
993 3611 1146 3696 Philippi,
1170 3614 1212 3693 [a.
1227 3613 1306 3694 343]
1327 3632 1343 3680 4

60 3664 297 3815 &mutae
315 3700 385 3784 filii,
407 3701 561 3787 brevique
582 3705 729 3785 tempore
753 3701 788 3764 in
805 3699 955 3764 intimam
975 3701 1122 3783 pervenit
1138 3699 1307 3765 familiari·

61 3782 249 3909 I&tome
279 3789 433 3892 fulgebat
463 3791 550 3854 enim
583 3790 649 3854 iam
677 3791 711 3853 in
741 3789 984 3890 adulescentulo
1011 3789 1135 3854 indoles
1167 3790 1306 3854 virtutis.

206 3899 248 3945 ue
275 3878 332 3945 ulle
360 3900 434 3944 eum
463 3878 503 3943 ad
531 3899 662 3942 manum
685 3877 801 3942 habult
829 3877 953 3943 sambae
976 3878 1062 3960 loco,
1089 3878 1175 3961 quod
1203 3878 1342 3944 multos

65 4116 128 4160 ἢ,
167 4071 203 4142 ¹⁰)
220 4070 281 4127 Das
297 4071 457 4127 Pronomsn
477 4069 592 4125 vertritt
613 4068 693 4123 nicht
784 4067 818 4137 ²⁰)
842 4067 1014 4124 Nectanabis
1037 4068 1082 4136 11.,
1114 4066 1163 4121 des
1195 4067 1305 4120 Tacbos

100 4132 243 4198 111fach
265 4142 311 4198 die
335 4141 423 4197 Stella
447 4142 495 4196 des
514 4139 692 4195 Substantias
746 4139 869 4208 Gegner,
899 4158 932 4194 zu
961 4139 1025 4193 dem
1048 4135 1196 4208 Agesilaus
1224 4135 1305 4191 tiber-

66 4190 186 4303 ζῗίθ
212 4213 249 4281 is,
277 4213 399 4268 scudem
426 4211 537 4268 entbblt
563 4210 691 4279 zuglcich
744 4226 893 4311 gepangen
911 4225 976 4266 war.

103 4274 195 4338 1110
209 4282 395 4352 Hinweisung
412 4284 461 4339 auf
479 4283 529 4337 das
547 4281 691 4352 klbgliche
796 4280 817 4349 ¹)
837 4283 917 4336 Anm.
937 4299 971 4335 au
989 4281 1071 4334 Paus.
1091 4276 1138 4344 IV,
1158 4285 1181 4333 6.

69 4319 276 4412 &menen
293 4353 345 4410 der
363 4354 488 4411 comites.
784 4350 818 4421 ¹²)
837 4349 933 4422 (legen
949 4351 1027 4406 [inde
1047 4351 1096 4405 des
1114 4348 1212 4405 Jahres
1226 4353 1286 4404 361.
