2812 4786
127 122 172 186 20
554 121 599 178 VI.
623 121 828 178 LYSANDER.
848 129 872 178 4.

126 290 219 350 tanta
247 285 471 367 similitudine,
495 290 532 350 ut
560 285 696 349 discerni
724 306 789 349 non
813 288 937 368 posset,
966 286 1132 370 signatum
1157 284 1302 368 subiecit,

127 375 162 438 in
193 396 256 458 qno
287 375 526 440 accuratissime
557 375 625 438 eius
656 374 828 438 avaritiam
857 373 1090 459 perfidiamque
1124 377 1300 438 accusarat.

94 481 109 528 3
129 463 304 547 Lysander,
326 464 458 527 domum
481 485 554 528 cum
573 462 718 544 redisset,
740 466 916 545 postquam
935 463 974 526 de
994 464 1059 528 suis
1083 463 1181 528 rebus
1202 464 1300 546 gestis

129 552 214 634 apud
238 552 398 616 maximos
422 553 632 637 magistratus
652 571 733 635 quae
751 551 900 615 voluerat
918 551 1009 634 dixit,
1027 550 1213 617 testimonii
1233 551 1299 616 loco

129 639 247 703 librum
267 662 287 703 a
305 639 513 705 Pharnabazo
538 641 651 705 datum
673 638 820 703 tradidit.
853 637 956 713 Quem
980 662 1053 704 cunr
1077 639 1192 724 ephori
1219 661 1299 704 sum·

129 733 217 793 moto
247 727 415 812 Lysandro
444 732 651 814 cognossent,
674 727 737 812 ipsi
760 727 932 812 legendum
956 728 1119 795 dederunt
1165 725 1221 792 Ita
1249 729 1298 792 ille

92 816 314 899 timprudens
338 819 408 898 ipse
432 840 508 882 suus
531 817 594 881 fuit
617 820 793 881 accusator.
827 818 873 880 Ac
896 816 1050 882 iudicium
1074 817 1206 901 quidem
1231 838 1298 881 suo-

128 926 199 968 rum
228 926 288 988 ope
317 905 443 989 effugit:
471 911 579 970 tamen
609 926 682 970 cum
711 905 830 969 multos
858 905 946 969 domi
975 927 1013 970 ac
1041 905 1181 970 maxime
1210 926 1299 991 reges

131 993 264 1058 haberet
287 994 529 1076 obtrectatores,
552 994 593 1057 ad
616 993 792 1058 exercitum
814 1015 880 1058 non
903 997 953 1058 est
977 995 1140 1059 remissus.

93 1097 109 1145 1
217 1080 274 1147 IV.
304 1081 406 1147 Paulo
426 1086 501 1166 post
519 1080 765 1146 Lacedaemonii
784 1081 1030 1147 decemviralem
1048 1087 1139 1165 pote·
1164 1085 1208 1162 [a.
1223 1083 1297 1165 397]

129 1174 246 1234 statem
271 1171 392 1236 abillo
421 1170 634 1235 constitutam
658 1169 868 1234 sustulerunt.
915 1168 985 1245 Quo
1008 1171 1120 1235 dolore
1148 1172 1299 1237 incensus

128 1258 201 1322 iniit
229 1259 365 1322 consilia
391 1280 484 1344 reges
507 1257 837 1323 Lacedaemoniorum
867 1256 1025 1344 tollerel).
1071 1257 1133 1324 Sed
1163 1261 1206 1340 [a.
1222 1260 1297 1342 396]

129 1347 291 1410 sentiebat
313 1347 346 1410 id
370 1368 404 1411 se
428 1347 497 1411 sine
520 1368 581 1431 ope
605 1346 737 1412 deorum
756 1346 862 1411 facere
884 1367 950 1411 non
973 1369 1079 1430 posse,
1098 1348 1186 1431 quod
1205 1347 1299 1414 Lace

94 1450 110 1498 a
130 1434 291 1498 daemonii
315 1434 425 1498 omnia
448 1435 487 1499 ad
512 1435 645 1500 oracula
672 1435 790 1499 referre
814 1439 1018 1501 consuerant.
1056 1435 1203 1501 Primum
1227 1437 1299 1502 Del-

128 1519 292 1610 phicumll
330 1545 534 1606 eorrumpere
572 1527 623 1588 est
659 1527 805 1589 conatus.
851 1521 932 1588 Cum
964 1524 997 1588 id
1028 1546 1094 1589 non
1132 1526 1300 1610 potuisset,

129 1609 340 1676 Dodonaeum
364 1612 495 1677 adortus
523 1615 580 1677 est.
626 1612 711 1677 Hinc
735 1633 861 1697 qnoque
889 1614 1038 1695 repulsus
1062 1613 1144 1678 dixit
1169 1637 1204 1679 se
1228 1618 1300 1679 vota

130 1700 322 1786 suscepisse,
346 1723 428 1786 quae
455 1700 525 1767 lovi
548 1701 724 1766 Hammoni
748 1701 903 1782 solveret,
927 1701 1116 1765 existimans
1145 1723 1180 1766 se
1205 1703 1299 1768 Afros

94 1807 110 1855 3
129 1788 257 1853 facilius
281 1793 517 1874 corrupturum.
545 1788 618 1854 Hac
637 1811 693 1874 spe
712 1810 786 1854 cum
803 1788 966 1872 profectus
987 1793 1072 1853 esset
1093 1790 1128 1853 in
1147 1789 1299 1874 Africam,

130 1877 269 1940 multum
305 1899 378 1942 eum
415 1878 579 1942 antistites
611 1877 699 1944 Iovis
732 1877 926 1941 fefellerunt.
971 1875 1058 1942 Nam
1090 1900 1159 1943 non
1196 1880 1299 1944 solnm

130 1965 293 2047 corrumpi
325 1987 391 2030 non
422 1968 612 2048 potuerunt,
646 1962 702 2030 sed
735 1965 833 2029 etiam
865 1967 992 2050 legatos
1024 1965 1299 2033 Lacedaemonem

130 2052 301 2135 miserunt,
337 2053 392 2138 qui
423 2051 626 2136 Lysandrum
658 2056 861 2136 accusarent,
893 2054 979 2137 quod
1012 2055 1196 2120 sacerdotes
1234 2057 1300 2122 fani

93 2157 334 2224 acerrumpere
361 2145 496 2208 conatus
525 2145 618 2206 essct.
664 2140 846 2207 Accusatus
871 2163 908 2207 eo
933 2143 1066 2207 crimine
1095 2143 1299 2228 iudicumque

131 2229 298 2294 absolutus
318 2229 498 2311 sententiis,
512 2226 768 2316 Orchomeniis⁷)
788 2230 903 2295 missus
924 2234 973 2296 est
992 2232 1145 2317 subsidio,
1170 2235 1212 2314 [a.
1221 2232 1298 2314 395]

94 2317 185 2384 seed
214 2319 337 2383 occisus
367 2341 386 2383 a
413 2317 578 2383 Thebanis
606 2318 692 2402 apud
719 2316 914 2384 Haliartum.
959 2318 1064 2394 Quam
1092 2325 1201 2386 autem
1229 2343 1300 2386 vere

129 2405 167 2470 de
192 2428 229 2473 eo
253 2407 338 2475 foret
361 2404 579 2492 iudicatum8),
602 2408 706 2472 oratio
725 2407 842 2473 indicio
865 2406 937 2490 fuit,
960 2430 1042 2491 quae
1064 2414 1140 2492 post
1163 2415 1299 2476 mortem

130 2495 197 2559 eius
225 2496 259 2559 in
288 2497 383 2561 domo
411 2499 541 2579 reperta
569 2501 630 2579 est,
659 2496 694 2560 in
722 2519 785 2581 qua
815 2495 929 2560 suadet
961 2495 1239 2583 Lacedaemoniis,
1266 2502 1301 2564 nt

129 2583 220 2668 regia
247 2587 410 2666 potestate
438 2585 597 2650 dissoluta
620 2607 658 2648 ex
683 2586 832 2651 omnibus
840 2581 867 2669 ⁹)
896 2584 960 2648 dux
983 2586 1144 2671 deligatur
1167 2587 1210 2652 ad
1237 2588 1302 2652 bel·

129 2671 197 2734 lum
225 2673 417 2756 gerendum,
444 2673 489 2736 sic
518 2674 640 2756 scripta
666 2673 726 2738 illa
754 2674 898 2758 quidem,
920 2677 956 2737 ut
979 2674 1111 2739 deorum
1139 2675 1302 2741 videretur

130 2780 306 2844 congruere
335 2760 526 2842 sententiae,
555 2783 652 2844 quam
680 2761 735 2825 ille
760 2783 793 2825 se
816 2759 1006 2825 habiturum
1033 2765 1170 2846 pecunia
1198 2765 1303 2830 fidens

129 2869 194 2911 non
213 2847 388 2912 dubitarat.
416 2847 510 2913 Hanc
529 2848 558 2912 ei
582 2849 750 2933 scripsisse
769 2847 871 2915 Cleon
890 2849 1151 2916 Halicarnassius
1175 2853 1302 2919 dicitur.

167 3039 188 3110 5)
207 3012 686 3095 Wahrsoheinlich'wollteernieht
776 3039 798 3110 6)
822 3040 907 3096 Nicht
935 3043 1031 3110 deum,
1056 3043 1176 3098 sondern
1204 3061 1304 3101 oracu-

129 3111 288 3181 dberhaupt
306 3111 356 3166 das
374 3111 542 3236 Κὸηἱὶῒαω,
567 3111 686 3166 scudem
739 3110 806 3167 lunr.

129 3198 181 3236 nur
191 3184 241 3236 das
251 3181 453 3238 aussehliesslic
474 3182 624 3236 eAnrecht
637 3183 686 3236 der
778 3183 799 3253 r)
817 3181 856 3236 Er
873 3182 970 3238 wurde
989 3183 1145 3254 cigentlich
1160 3186 1215 3239 den
1229 3184 1305 3242 Pho·

129 3253 231 3308 beiden
254 3253 476 3309 heraclidischen
494 3251 632 3307 Familien
650 3270 685 3308 an
740 3269 857 3308 censern
889 3269 980 3324 gagen
1013 3255 1059 3309 die
1082 3255 1235 3310 Thebaner
1268 3277 1305 3312 zu

130 3323 258 3378 dasselbe
291 3324 457 3380 absohaffen.
493 3323 546 3378 Die
577 3323 686 3394 Konige
741 3323 816 3380 Hilfe
848 3324 995 3392 geschiclrt
1025 3328 1084 3380 und
1120 3326 1221 3396 bswog
1257 3328 1305 3384 die

129 3393 343 3450 widerstrebten
367 3395 463 3450 seinen
481 3394 686 3451 willkdrlichen
742 3395 941 3451 Orchomenier
965 3414 1029 3450 zum
1047 3396 1144 3452 Abfall
1168 3413 1224 3453 von
1248 3399 1305 3454 den

129 3461 341 3532 Anordnungen
363 3466 450 3520 echon
474 3466 528 3520 seit
545 3471 606 3521 405.
643 3465 688 3520 An
741 3467 866 3521 letztern.

129 3534 278 3604 Agesilaus
301 3535 388 3590 hoffta
406 3536 548 3603 Lysander
571 3536 617 3591 ein
640 3554 687 3607 ge·
778 3537 800 3605 8)
823 3537 908 3590 Forat
925 3537 964 3592 ist
987 3538 1024 3607 hy
1047 3537 1194 3597 othetisch.
1231 3539 1304 3596 Also

129 3605 241 3675 fligiges
259 3604 417 3675 Werkzeug
439 3622 473 3659 zu
496 3607 601 3675 finden,
627 3624 687 3662 ver·
740 3625 773 3660 cu
789 3611 940 3676 erganzen:
961 3609 984 3662 si
1003 3556 1053 3663 illb
1067 3609 1171 3664 iudicio
1186 3610 1304 3666 damna-

131 3675 247 3730 schaffte
265 3675 324 3729 ihm
344 3682 395 3730 397
419 3676 465 3730 die
483 3675 686 3746 Konigswtrde
739 3679 785 3731 tus
804 3679 886 3732 essct.

130 3746 187 3801 nnd
205 3745 358 3816 begleitetc
380 3747 430 3801 ihu
448 3753 500 3801 396
520 3747 570 3800 auf
586 3747 687 3801 dassen
777 3748 800 3817 ⁹)
827 3747 914 3804 Nioht
941 3748 1015 3804 blois
1042 3767 1092 3805 aus
1116 3750 1171 3805 den
1197 3750 1303 3808 beiden

129 3816 271 3886 Feldzuge
304 3817 377 3873 nach
408 3817 502 3873 Asien.
538 3817 686 3886 Agesilaus
741 3818 1211 3890 Ktnigsfamilien,vielleichtauch
1220 3823 1304 3878 nicht

130 3887 198 3943 aber
211 3889 363 3958 gestattete
377 3889 436 3943 ihm
450 3887 551 3942 lreinen
562 3887 687 3958 Einfiuls,
741 3889 845 3944 einmal
863 3890 936 3945 blois
951 3906 1000 3944 ans
1015 3891 1070 3945 den
1086 3894 1302 3961 spartanischen

131 3976 161 4015 so
181 3958 241 4014 dass
260 3976 290 4015 er
309 3959 369 4014 sich
390 3960 605 4030 zurfickgesetat
627 3959 686 4015 sah.
741 3960 877 4029 Bombos,
892 3962 1301 4046 sondernansallenBfirgern,

130 4028 334 4101 DisserGrund
347 4029 561 4100 hauptstchlich
574 4029 687 4098 aeitigte
740 4031 794 4086 mit
821 4031 981 4086 Einschluls
1014 4033 1064 4086 der
1091 4033 1301 4104 Hypomerones

132 4102 209 4157 scine
227 4100 448 4172 Umsturapltne.
741 4103 797 4156 und
815 4101 1023 4158 Neodamoden.
