2812 4786
468 155 555 212 xvn.
584 156 793 238 suasurus.
817 165 843 218 e.
861 165 885 215 s.
1219 164 1264 230 59

87 319 218 406 licebat,
241 325 279 385 ut
303 343 394 387 suum
417 325 554 407 utraque
576 321 732 386 retineret
754 321 906 395 ordinem.
943 323 992 387 Ao
1014 324 1155 406 primum
1177 327 1262 392 ratio

87 407 285 496 habebatur,
313 411 369 494 qui
395 411 555 475 maximus
579 415 660 474 natu
683 412 770 474 esset
793 431 830 474 ex
854 411 937 494 eius,
967 415 1022 495 qui
1046 434 1187 499 regnans
1210 415 1262 480 de·

88 497 254 582 cessisset,
282 499 407 564 liberis:
440 499 491 563 sin
518 499 547 564 is
575 497 667 563 virile
690 519 783 563 secus
805 521 871 564 non
893 499 1090 583 reliquisset,
1118 505 1189 568 tum
1211 504 1263 568 de-

86 585 262 672 ligebatur,
286 588 341 671 qui
365 588 531 671 proximus
555 589 641 651 esset
658 587 913 672 propinquitate.
949 587 1099 655 Mortuus
1122 592 1165 672 [a.
1182 591 1299 673 397]4

89 678 162 739 erat
184 673 267 759 Agis
290 697 361 759 rex,
388 675 490 740 frater
511 675 672 761 Agesilai:
699 676 801 740 filium
825 677 1000 760 reliquerat
1022 677 1263 761 Leotychidem.

88 761 196 839 Quem
209 767 322 829 natum
339 785 405 829 non
425 768 572 850 agnorat,
587 762 722 829 eundem
741 764 883 829 moriens
899 786 991 830 suum
1011 788 1082 832 esse
1096 766 1262 855 dixerar2).

86 849 122 917 Is
147 851 186 915 de
207 851 331 918 honore
354 853 448 938 regni
471 874 544 917 cum
568 852 724 938 Agesilao
746 856 864 936 patruo
888 853 1066 938 contendit,
1093 877 1197 941 neque
1220 857 1264 942 id,

86 940 175 1023 qnod
206 941 337 1025 petivit,
373 945 562 1007 consecutus
595 945 655 1005 cst.
699 940 787 1006 Nam
816 941 983 1026 Lysandro
1021 942 1297 1033 suffragante³),o

85 1027 228 1111 homine,
251 1033 289 1093 ut
313 1051 412 1113 supra
435 1030 644 1111 ostendimus,
669 1029 809 1095 factioso
833 1030 955 1095 stillis
979 1033 1181 1116 temporibus
1203 1056 1261 1117 po-

84 1117 183 1200 tenti,
204 1117 378 1202 Agesilaus
401 1119 564 1184 antelatus
587 1123 645 1182 est.

176 1204 218 1273 Π.
248 1205 312 1282 Qui
331 1206 525 1291 simulatque
547 1207 675 1291 imperii
698 1207 824 1291 potitus
843 1210 901 1287 est,
924 1207 1028 1273 satius
1049 1229 1120 1274 esse
1144 1210 1262 1275 docens
1282 1225 1296 1272 1

87 1292 125 1357 in
142 1293 224 1361 Asia
247 1316 344 1379 quam
367 1295 402 1359 in
420 1294 554 1378 Europa
577 1295 732 1375 dimicari,
754 1297 918 1379 persuasit
935 1294 1202 1363 Lacedaemoniis
1225 1303 1263 1364 ut

86 1402 163 1447 oum
181 1384 322 1449 exercitu
346 1404 381 1448 sa
403 1385 571 1448 mitterent
593 1384 627 1448 in
647 1385 760 1450 Asiam
778 1384 964 1469 bellumque
987 1386 1058 1472 regi
1075 1383 1260 1473 facerent4).

85 1467 237 1556 Namque
254 1471 344 1536 fama
361 1473 483 1537 exierat
501 1473 714 1538 Artaxerxem
734 1494 922 1556 comparare
941 1474 1062 1539 classes
1080 1476 1260 1559 pedestres·

86 1580 151 1644 que
171 1560 341 1643 exercitus,
365 1582 446 1644 quos
469 1560 504 1625 in
522 1559 692 1626 Graeciam
715 1558 870 1626 mitteret
906 1559 995 1626 Data
1017 1564 1072 1628 ille
1095 1568 1295 1648 potestator

85 1651 182 1713 tanta
200 1649 366 1713 celeritate
384 1671 462 1714 usus
480 1653 540 1733 est,
558 1654 596 1714 ut
612 1649 702 1732 prius
721 1651 755 1713 in
773 1648 888 1713 Asiam
908 1671 981 1715 cum
1000 1652 1103 1735 copiis
1122 1653 1164 1735 [a.
1179 1654 1258 1734 396]

84 1737 284 1820 perveniret,
313 1758 410 1821 quam
432 1738 515 1822 regii
538 1741 688 1821 satrapae
711 1759 784 1803 eum
809 1739 928 1802 scireut
951 1739 1141 1822 profectum.
1187 1740 1259 1817 Quo

83 1823 210 1891 factum
238 1829 288 1889 est
314 1829 353 1889 ut
375 1823 524 1912 omnes⁵)
554 1827 735 1911 imparatos
762 1827 1047 1911 imprudentesque
1075 1828 1259 1893 offenderet.

82 1912 124 1978 Id
143 1916 180 1978 ut
198 1915 353 1999 cognovit
371 1914 615 1999 Tissaphernes,
638 1916 693 2000 qui
713 1937 873 1980 summum
893 1917 1065 1999 imperium
1083 1920 1155 1982 tum
1173 1918 1259 1981 inter
1277 1930 1294 1978 3

82 2001 267 2086 praefectos
290 2003 435 2068 habebat
456 2004 573 2088 regios,
595 2003 737 2068 indutias
761 2026 780 2067 a
802 2003 930 2069 Lacone
952 2004 1078 2089 petivit,
1100 2006 1259 2071 simulans

83 2111 120 2155 so
147 2090 224 2157 dare
252 2112 398 2176 operam,
426 2094 465 2157 ut
493 2092 756 2158 Lacedaemoniis
784 2113 857 2157 cum
885 2113 962 2178 rege
989 2095 1192 2180 conveniret,
1223 2117 1258 2160 re

82 2181 193 2244 autem
207 2200 285 2244 vera
299 2180 338 2244 ad
350 2181 461 2264 copias
476 2181 720 2266 comparandas,
735 2201 854 2264 easque
867 2180 1054 2264 impetravit
1068 2183 1258 2248 trimestres.

81 2265 209 2333 Iuravit
239 2271 347 2333 autem
378 2273 513 2353 uterque
543 2291 577 2335 se
608 2270 678 2335 sine
706 2269 782 2334 dolo
809 2269 952 2334 indutias
982 2275 1295 2337 conservaturum.4

82 2353 122 2421 In
147 2377 210 2440 qua
237 2357 389 2439 pactione
413 2379 538 2422 summa
560 2358 622 2422 fide
652 2358 775 2422 mansit
797 2355 985 2440 Agesilaus:
1013 2363 1128 2423 contra
1150 2358 1258 2424 'lissa-

82 2444 223 2529 pherues
240 2444 325 2509 nihil
344 2445 431 2510 aliud
451 2467 547 2530 quarn
566 2446 689 2511 bellum
709 2446 920 2529 comparavit.
956 2445 995 2510 Id
1014 2447 1077 2510 etsi
1096 2447 1259 2512 sentiebat
1277 2460 1293 2510 b

81 2531 183 2616 Laco,
211 2536 323 2598 tamen
344 2533 571 2599 iusiurandum
599 2535 750 2599 servabat
772 2533 975 2618 multumque
1002 2536 1037 2599 in
1060 2556 1098 2600 eo
1127 2557 1161 2600 se
1185 2557 1259 2600 oon-

82 2623 174 2704 sequi
193 2621 330 2704 dicebat,
353 2622 439 2706 quod
457 2621 691 2707 Tissaphernes
712 2621 854 2707 periurio
879 2644 937 2687 suo
961 2626 994 2687 et
1016 2622 1166 2688 homines
1190 2624 1256 2689 suis

81 2711 180 2775 rebus
203 2710 405 2775 abalienaret
427 2713 461 2775 et
479 2711 555 2776 deos
579 2711 642 2776 sibi
664 2710 768 2776 iratos
792 2711 952 2776 redderet:
977 2734 1105 2777 severo
1128 2734 1257 2778 conser-

80 2797 189 2863 vanda
216 2799 375 2884 religione
399 2799 590 2865 confirmare
613 2800 801 2882 exercitum,
833 2822 906 2865 cum
930 2799 1202 2866 animadverteret
1225 2807 1258 2867 et

80 2887 216 2953 deorum
237 2909 357 2952 numen
387 2887 494 2952 facere
518 2885 659 2975 secum⁶)
683 2892 716 2954 et·
737 2887 888 2954 homiues
911 2888 975 2954 sibi
998 2889 1179 2975 conciliari,
1202 2892 1258 2976 qui

80 2975 212 3059 quidem
229 2975 271 3041 iis
290 2976 420 3041 studere
440 2980 659 3061 consuessent,
678 2999 758 3063 quos
778 2999 969 3043 conservare
986 2978 1083 3043 fidem
1098 2979 1256 3045 viderent.

169 3062 229 3129 ΠΙ.
260 3063 439 3149 Postquam
466 3065 665 3131 indutiarum
693 3067 863 3151 praeteriit
890 3067 972 3149 dies,
1002 3067 1161 3132 barbarus
1189 3085 1291 3134 non1

79 3149 282 3236 dubitans⁷)‚
310 3153 395 3237 quod
424 3153 528 3239 ipsius
559 3158 653 3220 erant
679 3155 819 3238 plurima
847 3154 1013 3219 domicilia
1036 3154 1073 3218 in
1100 3151 1197 3219 Caria
1225 3161 1258 3221 et

79 3241 228 3324 carogio
246 3241 312 3305 illis
331 3243 541 3326 temporibus,
563 3246 601 3308 ut
618 3242 705 3307 ballo
722 3242 868 3307 nondum
888 3247 1011 3324 vexata,
1034 3243 1137 3306 multo
1161 3247 1255 3326 puta-

78 3329 177 3396 batur
198 3329 470 3413 locupletissima,
493 3352 532 3396 eo
554 3331 764 3415 potissimum
786 3331 897 3395 hostes
920 3330 1078 3414 impetum
1101 3329 1257 3415 facturos,

79 3439 193 3484 omnes
217 3439 293 3484 suas
316 3420 427 3503 copias
451 3441 489 3485 eo
513 3422 726 3486 contraxerat
763 3418 811 3484 At
827 3417 1002 3504 Agesilaus
1026 3419 1060 3484 iu
1078 3418 1255 3505 Phrygiam
1274 3439 1290 3489 2

79 3528 117 3571 se
144 3507 304 3572 convertit
333 3526 469 3592 eamque
496 3507 586 3592 prius
615 3509 830 3593 depopulatus
858 3511 921 3591 est,
950 3529 1047 3592 quam
1070 3507 1258 3594 Tissapher-

117 3680 396 3750 ¹)Manvermutete,
411 3697 441 3736 er
455 3682 496 3737 sei
511 3681 643 3737 cinSohn
697 3683 813 3752 setzung
837 3682 885 3736 des
903 3681 1031 3751 Krieges.
1067 3681 1124 3737 Das
1146 3683 1186 3739 im
1204 3685 1256 3740 fol-

77 3751 130 3806 des
147 3750 319 3807 Alcibiades.
696 3751 808 3821 genden
840 3751 922 3806 Satse
959 3753 1101 3809 erwthnte
1134 3754 1258 3811 Gerdcht

118 3823 139 3890 ³)
160 3823 241 3879 Anm.
260 3841 295 3904 zu
313 3822 376 3890 Lys.
394 3821 443 3891 IV,
463 3827 487 3878 1.
553 3893 560 3905 ·
696 3823 839 3879 tibertricb
859 3823 1124 3880 den.Sachvcrhalt.

78 3891 215 4032 8θὲἕὲ
224 3894 313 4036 ἓξὲξ
325 3894 576 4033 ἣῗῐξξῖξοῖῃξὲῗ
586 3899 642 4020 {²312
735 3930 757 3998 ὕ)
781 3929 867 3984 Nioht
889 3930 935 3986 die
959 3931 1108 4000 Satrapen,
1136 3932 1257 3987 condem

79 4040 131 4091 397
146 4033 403 4090 Waffenstillstand
420 4035 479 4089 und
494 4035 640 4090 Friedens-
694 4000 878 4101 allgemf'mffl
895 4019 930 4055 ²¹²
947 4003 1103 4101 lentim·

79 4106 317 4176 unterhandlung.
349 4105 469 4161 Auidio
487 4106 640 4161 Nachricht
731 4089 754 4159 6)
773 4089 860 4144 Nrcht
879 4090 930 4144 auf
945 4091 1111 4173 exercitum,
1136 4091 1255 4147 condem

79 4193 135 4233 ron
153 4177 208 4232 don
226 4178 393 4247 Rdstungcn
409 4177 518 4234 Conona
537 4175 567 4230 in
585 4177 641 4232 den
694 4158 745 4241 “llf
762 4160 812 4214 (¹³⁸
831 4159 1043 4230 Haupmblflkl
1059 4160 1133 4217 1¹³00
1155 4181 1189 4217 ω
1206 4162 1256 4218 bo·

80 4247 227 4304 stdlichen
258 4243 371 4305 Macron
402 4247 542 4304 beschlcls
573 4263 640 4302 man
694 4232 799 4288 mehen-

80 4316 110 4371 in
133 4319 236 4389 Sparta
258 4319 320 4374 eine
343 4319 537 4389 energischere
560 4319 639 4374 rorr-
731 4319 844 4389 ⁷)Anm
871 4337 906 4374 au
924 4319 1014 4376 Praef.
1036 4327 1059 4377 1.
