2812 4786
161 175 204 240 84
529 173 615 229 111111.
642 173 841 230 asumma.
863 180 962 230 1111.

162 342 400 422 conspexerunt
420 336 635 420 serpentibus,
653 357 790 400 novare
809 336 986 420 perterriti,
1006 358 1088 418 cum,
1109 337 1185 420 quid
1203 339 1335 422 potissi-

161 449 249 491 mum
273 428 428 509 vitarent,
458 446 524 489 non
549 425 708 506 viderent,
736 446 861 510 puppes
885 429 1053 490 verterunt
1081 447 1179 510 seque
1208 427 1250 491 ad
1279 450 1335 494 sua

126 521 270 580 acastre
292 515 424 579 nautica
441 513 644 579 rettulerunt.
682 511 736 578 Sic
754 512 922 578 Hannibal
946 514 1083 579 consilio
1108 537 1199 580 arma
1218 515 1334 602 Perga·

162 625 329 669 menorum
350 602 524 687 superavit,
542 623 646 687 neque
665 605 736 666 tum
756 601 872 685 solum,
888 601 945 667 sed
963 623 1059 685 saepe
1079 604 1161 668 alias
1180 605 1334 688 pedestri-

162 694 222 757 bus
246 693 347 774 copiis
370 692 443 774 pari
465 691 636 775 prudentia
659 689 863 755 adversarios
887 691 1023 775 pepulit.

128 797 141 846 1
249 779 323 845 XII.
361 779 450 856 Quae
474 780 550 844 dum
574 781 608 844 in
631 777 714 843 Asia
736 782 908 863 geruntur,
932 780 1048 844 accidit
1071 801 1149 844 casu
1174 784 1211 845 ut
1235 782 1335 866 legati

161 865 364 954 111111οηί153)
394 868 517 934 Romae
540 868 626 952 apud
649 867 683 932 L.
713 866 901 943 Quinctium
933 867 1155 933 Flamininum
1190 871 1233 950 [a.
1260 872 1334 952 183]

162 958 365 1022 consularem
385 962 537 1022 cenarent
555 961 651 1041 atque
675 956 722 1019 ibi
743 956 782 1020 de
800 954 986 1021 Hannibale
1006 957 1171 1022 mentione
1188 957 1280 1024 facta
1299 982 1336 1024 111

123 1046 201 1111 aiis
229 1068 313 1110 unus
341 1046 462 1111 diceret
489 1067 561 1110 eum
585 1046 620 1110 in
643 1044 776 1109 Prusiae
804 1066 905 1130 regno
934 1065 1012 1109 esse.
1057 1045 1095 1109 Id
1123 1049 1259 1129 postero
1287 1048 1335 1112 die

160 1133 363 1200 Flamininus
386 1135 514 1199 senatui
538 1134 663 1198 detulit.
709 1132 838 1217 Patres,
869 1135 925 1218 qui
947 1133 1134 1199 Hannibale
1157 1136 1233 1199 vivo
1258 1158 1335 1200 nun-

162 1245 258 1307 quam
282 1245 316 1287 se
345 1225 415 1288 sine
437 1222 564 1287 insidiis
586 1223 713 1286 futuros
744 1222 982 1305 existimarent,
1010 1223 1138 1308 legatos
1162 1224 1196 1287 in
1220 1224 1334 1308 Bithy-

160 1313 250 1377 niam
273 1313 440 1392 miserunt,
462 1312 495 1375 in
518 1311 559 1374 iis
582 1311 619 1376 Τ.
638 1307 912 1396 1111111111111111194),
935 1312 990 1395 qui
1013 1311 1055 1375 ab
1078 1332 1155 1397 rege
1178 1316 1335 1397 peterent,

125 1420 202 1467 3ne
229 1399 490 1464 inimicissimum
521 1421 614 1464 suum
647 1420 757 1462 secum
788 1397 923 1463 haberet
955 1399 1080 1482 sibique
1111 1401 1249 1465 dederet.
1296 1401 1334 1465 Id

160 1488 293 1553 Prusias
326 1508 444 1573 negare
475 1510 542 1552 non
575 1491 625 1551 est
658 1508 769 1551 ausus:
801 1487 882 1551 illud
911 1489 1087 1566 recusavit,
1119 1509 1161 1553 ne
1188 1488 1220 1552 id
1248 1512 1268 1553 a
1297 1513 1333 1555 se

161 1577 376 1661 postularent,
400 1577 484 1661 quod
509 1577 661 1641 adversus
685 1576 736 1639 ius
759 1575 893 1658 hospitii
917 1581 1018 1642 esset:
1043 1577 1117 1660 ipsi,
1141 1577 1169 1641 si
1192 1584 1336 1659 possent,

161 1664 483 1749 comprehenderent:
504 1667 610 1730 locum
627 1665 684 1728 ubi
703 1669 798 1746 esset,
816 1665 911 1728 facile
930 1665 1129 1729 inventuros.
1166 1665 1333 1731 Hannibal

161 1755 248 1818 enim
277 1776 341 1818 uno
370 1755 442 1819 loco
471 1776 505 1818 11
528 1753 661 1817 tenebat
683 1753 718 1815 in
741 1753 889 1836 castello,
918 1753 1005 1837 quod
1028 1754 1058 1817 ei
1081 1776 1100 1817 a
1122 1774 1200 1839 rege
1225 1755 1334 1819 datum

162 1847 232 1906 erat
264 1843 403 1907 muneri:
436 1842 531 1925 idque
565 1841 612 1907 sio
645 1841 842 1923 aedificarat,
875 1844 912 1905 ut
937 1842 973 1904 in
1003 1843 1154 1906 omnibus
1186 1845 1334 1926 partibus

163 1930 299 1995 aedificii
327 1930 449 1994 exitum
478 1930 541 1994 sibi
568 1930 717 2008 haberet,
750 1929 874 1993 scilicet
901 1951 1015 1993 verens
1043 1952 1084 1994 ne
1114 1952 1174 1994 usu
1202 1933 1336 2015 veniret,

126 2036 143 2082 4
163 2018 248 2101 quod
273 2018 398 2082 accidit.
444 2019 493 2083 no
517 2041 591 2082 oum
614 2019 716 2100 legati
734 2017 956 2082 Romanorum
978 2019 1145 2083 venissent
1169 2041 1207 2084 ac
1232 2022 1336 2085 multi-

162 2105 274 2169 tudine
293 2105 423 2169 domum
443 2106 512 2171 eius
535 2105 830 2189 circumdedissent,
849 2129 929 2191 puer
953 2107 993 2170 ab
1013 2108 1112 2171 ianua
1130 2109 1335 2193 prospiciens

163 2193 341 2259 Hannibali
356 2193 437 2258 dixit
451 2194 560 2279 plures
574 2197 704 2277 praeter
723 2194 986 2259 consuetudinem
1006 2200 1151 2260 armatos
1172 2219 1336 2282 apparere.

161 2283 223 2347 Ille
243 2283 273 2347 ei
292 2283 471 2367 imperavit,
490 2291 527 2346 ut
545 2305 657 2348 omnes
676 2283 761 2347 fores
781 2283 919 2347 aedificii
938 2285 1124 2348 circumiret
1144 2306 1181 2349 ac
1198 2307 1336 2369 propere

128 2371 227 2438 osibi
254 2375 434 2451 nuntiaret,
463 2394 541 2436 num
569 2372 682 2436 eodem
709 2371 805 2436 modo
833 2372 974 2456 undique
997 2372 1208 2439 obsideretur.
1252 2372 1336 2437 Puer

165 2483 237 2525 cum
257 2462 413 2544 celeriter,
432 2461 510 2544 quid
528 2461 672 2544 vidisset,
689 2460 909 2525 renuntiasset
927 2482 1102 2544 omnesque
1122 2463 1228 2526 exitus
1248 2483 1338 2528 occu·

163 2553 260 2633 patos
284 2550 489 2627 ostendisset,
513 2550 615 2614 sensit
635 2548 799 2613 Hannibal
822 2548 854 2612 id
873 2570 939 2612 non
963 2549 1098 2614 fortuito
1122 2549 1257 2635 factum,
1281 2550 1335 2615 sed

165 2659 199 2700 11
222 2639 290 2720 peti
317 2660 421 2720 neque
445 2637 509 2702 sibi
537 2637 658 2702 diutius
682 2637 784 2701 vitam
816 2657 886 2702 esse
909 2638 1119 2702 retinendam.
1167 2638 1273 2715 Quam
1296 2660 1336 2704 ne

164 2723 270 2789 alieno
291 2727 426 2790 arbitrio
441 2723 675 2812 dimitteret⁸⁵),
694 2747 818 2790 memor
836 2725 1047 2808 pristinarum
1066 2727 1224 2792 virtutum
1243 2750 1336 2793 vene-

163 2834 251 2896 num,
275 2814 358 2895 quod
383 2834 510 2896 semper
533 2836 640 2878 secum
663 2815 784 2878 babere
808 2820 990 2897 consuerat,
1013 2816 1161 2898 sumpsit.

131 2920 145 2967 1
253 2899 342 2964 XIII.
379 2899 432 2965 Sic
469 2901 518 2963 vir
554 2902 767 2982 fortissimus,
804 2903 916 2967 multis
948 2902 1111 2986 variisque
1148 2905 1337 2987 perfunctus

165 2989 346 3071 laboribus,
379 3010 463 3053 anno
493 2989 655 3073 acquievit
683 2990 822 3072 amplius
851 2991 1064 3075 sexagesimo.
1109 2991 1233 3067 Quibus
1264 3015 1339 3058 con-

164 3077 288 3142 sulibus
316 3076 490 3159 interierit,
519 3099 585 3141 non
612 3078 771 3142 convenit.
817 3077 879 3142 Sed
906 3075 1083 3160 Atticusii)
1111 3085 1143 3143 et
1169 3077 1340 3163 Polybius,

166 3167 281 3250 quibus
302 3187 362 3252 ego
381 3166 521 3231 maxime
539 3166 636 3230 fidem
659 3165 773 3250 babeo,
795 3165 838 3231 M.
853 3165 989 3232 Claudio
1008 3167 1163 3233 Marcello
1182 3166 1338 3244 (111110

164 3255 313 3321 Labeone
350 3256 536 3320 consulibus
545 3251 586 3342 37)
623 3261 787 3320 mortuum
824 3277 896 3319 eum
934 3257 1091 3341 scriptum
1128 3257 1337 3339 reliquerunt.

129 3361 144 3408 1
164 3344 272 3428 Atque
286 3344 339 3408 hic
353 3348 465 3408 tantus
480 3343 529 3408 vir
543 3343 709 3428 tantisque
723 3342 817 3407 bellis
832 3343 998 3408 districtus
1015 3345 1168 3409 nonnihil
1181 3346 1338 3429 temporis

164 3432 282 3498 tribuit
308 3432 435 3496 litteris.
480 3430 629 3516 Namque
659 3431 785 3515 aliquot
812 3433 881 3496 eius
911 3433 984 3496 libri
1010 3436 1096 3512 sunt,
1128 3433 1254 3498 Graeco
1279 3455 1339 3498 ser-

164 3541 259 3582 mone
288 3519 438 3600 confecti,
469 3522 504 3584 in
537 3521 579 3584 iis
611 3520 652 3584 ad
679 3520 822 3585 Rhodios
851 3520 889 3584 de
918 3518 976 3585 On.
1000 3520 1115 3585 Manlii
1139 3519 1339 3600 Vulsonis³⁸l

204 3691 238 3761 ³³)
265 3690 311 3745 Sto
343 3708 436 3746 waren
467 3692 540 3745 nach
572 3692 644 3748 Rom
675 3709 724 3762 ge·
779 3693 830 3747 wir
858 3709 908 3747 aus
937 3693 993 3748 Cic.
1019 3693 1096 3747 Brut.
1120 3699 1135 3760 5
1155 3700 1187 3749 11
1208 3695 1255 3764 flg.
1282 3693 1340 3749 und

165 3761 645 3831 kommen,umKlageauf1'ihren,
665 3763 725 3818 dass
782 3763 837 3819 oie.
852 3768 922 3819 orat.
937 3770 952 3830 5
968 3770 1019 3819 120
1032 3765 1152 3820 1111111111.
1178 3765 1244 3835 Vgl.
1259 3769 1339 3821 Anrn.

165 3832 279 3904 Philipp
311 3851 366 3887 von
397 3832 592 3902 Macedonien,
626 3833 725 3888 Oheim
780 3853 814 3888 zu
833 3836 890 3888 Att.
910 3834 1010 3903 XVIII,
1030 3842 1054 3890 1.

166 3905 215 3960 des
247 3904 375 3971 Prusias,
408 3903 504 3957 diesen
536 3902 574 3957 im
605 3903 725 3973 Kample
817 3906 1095 3974 1711111111111183.

166 3975 457 4100 1619111ῗὲ1ἱῖωὲθὲ
459 3975 727 4110 nillil-sillia
780 3976 853 4102 ..El
871 3976 969 4100 litt
987 3975 1143 4102 {titt
1156 3975 1277 4104 ..tut
1289 3981 1343 4101 183.

166 4050 275 4173 Lucius.
623 4184 629 4196 θ
780 4120 848 4172 reits
873 4064 1269 4187 abgescirlossenen’Frieden
1291 4117 1343 4173 mit

201 4188 237 4257 ⁸⁶)
248 4187 335 4242 Nicht
344 4187 472 4242 dasselbe
482 4186 725 4256 wicpermrtteret.
780 4187 936 4244 AntIoohus
945 4189 1132 4244 ausaufr'ihren
1145 4189 1204 4242 und
1214 4189 1260 4244 die
1271 4190 1342 4244 asia·

165 4257 266 4314 Alieno
286 4258 402 4314 arbitrio
421 4259 459 4311 ist
477 4257 601 4312 Ablativ.
780 4259 891 4313 tischen
903 4258 1165 4329 Angelegenheiten
1178 4277 1212 4314 zu
1226 4262 1341 4315 ordnen.

203 4329 288 4398 86)111
307 4329 411 4383 seinem
435 4328 507 4383 liber
526 4327 648 4396 annalis,
673 4328 727 4383 den
780 4329 992 4385 Erunternabm
1000 4330 1343 4401 auntcbsteinenKriegs·
