2812 4786
131 127 173 190 12
532 125 568 179 ll.
595 121 794 179 ARISTIDES.
820 131 843 179 1.
863 129 887 180 2.

131 311 227 374 quam
251 289 274 353 ii
297 290 462 373 poterant,
485 288 541 372 qui
564 287 599 351 in
621 284 752 351 Perside
775 288 866 350 erant
888 286 958 352 nati
988 288 1030 368 [a.
1052 288 1145 370 472J.
1194 288 1308 376 Atque

94 395 203 444 acum
227 377 330 442 multa
357 377 427 461 regi
450 380 536 441 esset
558 376 722 459 pollicitus
747 375 1032 460 gratissimumque
1055 377 1151 460 illud,
1178 378 1210 442 si
1240 381 1307 445 suis

131 467 181 532 uti
204 466 347 531 consiliis
370 467 476 550 vellet,
501 463 670 530 Graeciam
693 464 785 528 illum
807 463 892 529 bello
913 486 1151 549 oppressurum,
1178 470 1307 553 magnis

130 555 317 620 muneribus
336 554 377 618 ab
392 554 570 618 Artaxerxe
589 553 727 619 donatus
745 553 781 616 in
794 552 908 618 Asiam
925 553 1023 617 rediit
1036 554 1307 642 domiciliumque

96 661 112 710 3
132 643 320 729 Magnesiae
339 643 402 708 sibi
425 643 602 709 constituit.
633 640 782 724 Namque
800 640 884 706 hane
902 642 1015 706 urbem
1034 643 1065 706 ei
1081 664 1139 707 rex
1157 643 1308 726 donaret

132 752 213 817 quae
232 733 262 797 ei
285 753 401 815 panem
420 731 591 815 praeberet
615 728 668 816 (ex
688 752 750 814 qua
768 730 901 814 regione
920 731 1158 815 quinquaginta
1184 734 1309 800 talenta

133 821 306 906 quotannis
328 818 501 906 redibant),
522 820 740 903 Lampsacum
763 824 886 902 autem,
908 819 993 884 unde
1015 820 1126 884 vinum
1152 827 1308 906 sumeret,

131 909 277 994 Myunta,
300 931 338 974 ex
361 932 426 994 qua
449 909 621 975 obsonium
643 907 786 973 haberet.

95 1014 113 1063 4
221 997 467 1064 Monumentum
481 998 542 1064 viri
556 996 729 1062 clarissimi
748 997 789 1061 ad
805 999 953 1062 nostram
971 997 1163 1063 memoriam
1185 1002 1308 1066 mansit

133 1088 316 1171 sepulcrum
339 1088 373 1151 in
400 1086 473 1152 foro
495 1085 692 1170 Magnesiae.
736 1082 961 1171 Demorte18)
989 1088 1099 1150 autem
1122 1088 1196 1152 eius
1222 1091 1307 1155 varie

132 1179 218 1260 apud
251 1177 421 1260 plerosque
454 1175 612 1258 scriptum
645 1176 706 1256 est,
739 1174 794 1238 sed
830 1196 890 1239 nos
923 1175 1059 1239 eundem
1094 1175 1307 1260 potissimum

132 1264 354 1349 Thucydidem
373 1267 538 1329 auctorem
556 1262 741 1347 probamus,
759 1263 814 1346 qui
829 1263 922 1328 illum
942 1263 989 1328 ait
1006 1264 1118 1329 morbo
1139 1269 1306 1332 mortuum

131 1375 236 1437 neque
267 1355 368 1437 negat
399 1352 499 1417 fuisse
530 1351 665 1435 famam,
692 1373 851 1416 venenum
883 1374 942 1417 sua
974 1356 1089 1436 sponte
1118 1359 1307 1440 sumpsisse,

133 1462 216 1520 cum,
230 1463 313 1526 quae
330 1441 401 1526 regi
415 1441 454 1506 de
470 1439 607 1506 Graecia
621 1440 832 1524 opprimenda
849 1441 1014 1524 pollicitus
1029 1445 1124 1525 esset,
1138 1449 1306 1526 praestare

96 1545 167 1594 sse
195 1551 290 1614 posse
320 1529 515 1614 desperaret.
559 1529 649 1594 Idem
676 1551 752 1595 ossa
779 1530 849 1594 eius
873 1530 970 1612 clam,
999 1531 1154 1614 quoniam
1177 1531 1305 1618 legibus

131 1618 164 1682 id
182 1641 249 1684 non
264 1619 500 1704 concederetur,
519 1618 605 1703 quod
622 1618 820 1703 proditionis
838 1622 924 1683 esset
943 1619 1126 1705 damnatus,
1144 1620 1181 1685 in
1195 1622 1305 1688 Attica

132 1708 260 1792 sepulta
284 1708 468 1774 dictitetum
492 1709 533 1774 ab
557 1708 669 1773 amicis
694 1708 867 1773 memoriae
890 1707 1041 1792 prodidit.

537 2028 602 2102 III.
639 2027 898 2105 ARISTIDES.

98 2186 113 2234 1
220 2168 246 2234 Ι.
283 2168 456 2254 Aristides,
483 2168 671 2254 Lysimachi
700 2169 801 2252 filius,
824 2168 1046 2254 Atheniensis,
1070 2172 1212 2254 aequalis
1236 2172 1304 2238 fere

97 2274 112 2322 a
132 2257 196 2323 fuit
212 2258 434 2340 Themistocli,
453 2261 550 2344 atque
569 2279 642 2323 cum
662 2280 699 2323 eo
719 2257 757 2322 de
776 2259 960 2343 principatu
978 2259 1152 2324 contendit.
1184 2257 1303 2346 (logni-

130 2351 200 2413 tum
220 2351 270 2413 est
288 2351 396 2413 autem
415 2348 450 2412 iu
468 2347 528 2432 his,
553 2350 674 2432 quanto
694 2351 874 2412 antestaret
892 2348 1075 2431 eloquentia
1092 2349 1304 2415 innocentiae.

132 2436 334 2522 Quamquam
359 2435 446 2502 enim
464 2435 544 2501 adeo
563 2436 742 2502 excellebat
761 2435 921 2500 Aristides
941 2436 1147 2518 abstinentia,
1165 2441 1204 2502 ut
1223 2461 1303 2504 unus

131 2531 207 2610 post
242 2525 410 2591 hominum
446 2527 651 2608 memoriam,
684 2523 811 2611 queml)
845 2524 973 2609 quidem
1005 2547 1064 2589 nos
1097 2525 1302 2607 audierimus,
1348 2564 1350 2569 ·

131 2615 325 2696 cognomine
348 2613 457 2679 Iustus
481 2617 524 2679 sit
543 2615 732 2699 appellatus,
754 2618 865 2679 tamen
887 2637 907 2678 a
924 2613 1141 2680 Themistocle
1161 2615 1304 2681 collabe-

130 2701 237 2766 factus
260 2702 382 2766 testula
404 2700 494 2788 filas,
519 2703 632 2767 exsilio
657 2703 765 2767 decem
791 2724 948 2768 annorum
977 2703 1133 2767 multatus
1163 2705 1208 2784 [a.
1224 2705 1301 2787 485]

95 2794 191 2855 3est.
238 2789 300 2866 Qui
327 2790 456 2874 quidem
484 2813 556 2855 oum
583 2790 788 2875 intellegeret
809 2792 941 2874 reprimi
970 2793 1167 2863 concitatam
1195 2795 1304 2861 multi·

131 2879 277 2944 tudinem
308 2900 374 2942 non
401 2900 510 2962 posse,
543 2880 681 2962 amplius
715 2880 906 2945 contendere
937 2881 1058 2945 noluit:
1090 2885 1203 2946 tamen
1233 2905 1303 2947 cum

132 2967 419 3034 animadvertisset
443 2968 603 3052 quendam
622 2968 826 3052 scribentem,
848 2972 885 3032 ut
902 2969 972 3053 ipse
990 2970 1097 3052 patria
1120 2971 1305 3057 pelleretur,

132 3057 295 3143 quaesisse
325 3057 366 3122 ab
395 3078 432 3122 eo
461 3058 589 3140 dicitur,
619 3078 716 3141 quare
743 3058 776 3121 id
804 3058 925 3122 faceret
954 3063 1011 3122 aut
1038 3058 1114 3142 quid
1143 3060 1304 3125 Aristides

96 3148 363 3233 acommisisset,
399 3168 455 3212 cur
491 3151 586 3211 tanta
621 3168 727 3230 poena
763 3146 880 3230 dignus
918 3146 1094 3211 duceretur.
1149 3146 1212 3213 Gui
1249 3150 1304 3212 ille

131 3237 299 3322 respondit
327 3258 361 3301 se
388 3236 539 3321 ignorare
566 3235 759 3319 Aristidem,
787 3235 843 3300 sed
872 3235 1023 3300 sibinen
1052 3236 1194 3319 placere,
1218 3237 1305 3323 quod

132 3329 199 3390 tam
224 3325 337 3408 cupide
360 3326 554 3409 laborasset,
577 3329 614 3389 ut
640 3328 769 3408 praeter
792 3328 916 3389 ceteros
937 3322 1048 3389 Iustus
1077 3325 1305 3408 appellaretur.

137 3412 365 3478 Verumtamen
379 3414 489 3479 decem
508 3436 666 3479 annorum
685 3413 865 3498 legitimam
882 3434 1020 3496 poenam
1039 3435 1106 3478 non
1124 3412 1303 3500 percutiet).

97 3501 219 3567 tNam
242 3505 415 3585 postquam
434 3501 556 3567 Xerxes
574 3503 609 3566 in
629 3501 796 3567 Graeciam
816 3501 989 3586 deseendit,
1012 3505 1103 3567 sexto
1127 3502 1195 3567 fere
1216 3504 1305 3569 anno

132 3612 229 3675 quam
252 3593 322 3654 erat
346 3590 507 3675 expulsus,
529 3590 643 3674 populi
667 3592 748 3655 scito
772 3591 806 3653 in
829 3591 971 3674 patriam
994 3591 1164 3656 restitutus
1187 3595 1248 3657 est.

98 3697 112 3744 1
221 3678 264 3744 Π.
292 3678 425 3765 Pugnae
450 3683 556 3743 autem
575 3679 686 3743 navali
709 3678 795 3762 apud
813 3676 978 3744 Salamina
995 3678 1144 3745 interfuit
1163 3682 1205 3762 [a.
1219 3681 1303 3762 480]

132 3768 223 3852 prius
247 3789 344 3852 quam
366 3789 472 3853 poena
495 3764 730 3849 liberareturt).
771 3767 862 3832 Idem
884 3768 1103 3852 praeterfuit
1125 3769 1304 3835 Athenien-

171 3943 204 4012 1⁸)
224 3942 261 3997 Er
280 3943 502 3997 starbum4'10.
743 3942 796 3998 wie
819 3943 892 3998 auch
916 3941 957 3996 im
979 3942 1179 3998 Griechisehen
1205 3944 1307 4012 ψῆφος

45 4032 49 4037 ·
170 4015 190 4097 ¹)
217 4013 274 4068 Der
301 4016 400 4096 Aecus.
424 4014 515 4082 hangt
538 4011 618 4067 nicht
647 4013 690 4094 als
742 4015 789 4068 ffir
807 4009 1013 4083 διαψηφισμός.
1067 4085 1074 4097 .

133 4085 196 4156 ObJ.
207 4103 262 4141 von
276 4085 445 4140 audrenmus
457 4085 502 4152 ab,
517 4085 636 4139 sondern
650 4102 690 4139 src
781 4084 802 4155 ⁸)
821 4085 877 4153 „Er
894 4086 1028 4139 brauchte
1045 4085 1125 4140 nrcht
1143 4102 1177 4139 au
1191 4128 1197 4141 .
1209 4128 1215 4140 .
1227 4089 1260 4142 .¹‘

133 4155 307 4227 appellatum
331 4171 392 4210 esse
419 4155 460 4210 ist
481 4155 565 4210 dabei
592 4173 625 4208 zu
648 4173 689 4210 er·
780 4156 803 4224 ⁴)
822 4157 860 4237 Er
877 4155 944 4210 kam
963 4156 1015 4209 auf
1029 4158 1110 4240 aigne
1127 4156 1210 4210 Hand
1227 4159 1305 4212 nach

131 4235 302 4370 geqzesrpviel
313 4298 533 4357 alstestularum
543 4295 691 4368 suffragiis,
744 4226 881 4367 {diddltlesir
892 4227 989 4353 tGdhhh
1000 4228 1143 4354 1Althdiiderr
1150 4227 1304 4369 ciihrhehhi·
