2844 4800
467 177 540 234 XVI.
572 176 783 234 PELOPIDAS.
809 185 833 235 8.
853 185 878 235 4.
1213 182 1256 246 57

77 345 136 406 tus
155 362 223 405 una
248 343 442 406 consuerant
465 340 599 425 epulari.
635 339 773 424 Magnae
793 363 888 427 saepe
907 364 959 407 res
978 364 1045 407 non
1065 343 1112 407 ita
1130 344 1258 428 magnis
1277 361 1293 409 3

77 429 184 515 copiis
209 431 286 494 sunt
308 432 431 514 gestae,
451 429 506 493 sed
524 428 672 513 profecto
695 450 872 515 numquam
894 433 963 495 tam
986 431 1027 496 ab
1051 432 1141 495 tenui
1161 431 1255 498 initio

75 521 193 584 tantae
223 538 302 604 opes
335 520 412 582 sunt
438 517 639 603 profligatae.
684 515 771 582 Nam
803 518 971 584 duodecim
1002 520 1257 585 abdulescentuli

77 607 229 673 coierunt
257 627 295 670 ex
323 606 377 687 iis,
407 606 463 691 qui
492 606 607 671 exsilio
635 608 727 670 erant
753 607 897 692 multati,
929 630 1002 674 cum
1031 610 1161 673 omnino
1189 630 1256 674 non

77 698 193 761 essent
216 693 356 778 amplius
380 691 650 780 quinquaginta⁸)
673 694 728 778 qui
750 697 845 760 tanto
869 717 903 760 se
926 697 1080 762 offerrent
1103 697 1256 780 periculo.

78 783 154 860 Qua
174 783 339 867 paucitate
362 784 511 866 perculsa
535 785 585 847 est
601 782 931 849 Lacedaemoniorum
949 785 1107 868 potentia.
1143 784 1257 869 Neque
1276 801 1294 848 4

77 872 169 938 enim
195 874 265 936 tam
288 871 545 937 adversariorum
573 870 708 936 factioni
731 894 827 955 quarn
851 869 1022 955 Spartanis
1050 895 1088 938 eo
1111 877 1259 958 tempore

77 961 205 1026 bellum
242 960 437 1027 intulerunt:
474 960 594 1044 quique
629 960 793 1043 principes
831 965 924 1025 erant
960 962 1062 1027 totius
1096 961 1259 1047 Graeciae,

78 1070 195 1116 eorum
227 1047 355 1132 imperii
389 1048 555 1131 maiestas,
586 1045 723 1135 nequel)
755 1048 804 1113 ita
835 1050 939 1114 multo
969 1054 1057 1134 post,
1089 1048 1260 1115 Leuctrica

78 1157 196 1222 pugna
224 1136 375 1202 concidit.
420 1135 474 1201 Illi
501 1136 603 1220 igitur
630 1135 812 1221 duodecim,
841 1137 1015 1222 inquibus
1039 1138 1294 1223 eratPclopi-5

78 1227 155 1309 das,
189 1246 263 1291 cum
294 1225 433 1290 Athenis
465 1225 608 1290 interdiu
636 1225 792 1309 exissent,
823 1230 862 1290 ut
893 1229 1135 1310 vesperascente
1169 1228 1258 1292 caelo

80 1314 216 1379 Thebas
231 1316 365 1397 possent
382 1314 561 1399 pervenire,
581 1313 621 1378 ad
635 1313 799 1378 vitandam
820 1315 1038 1398 suspicionem
1057 1316 1140 1380 retia
1155 1315 1259 1379 feren-

78 1406 134 1468 tes
163 1423 237 1467 cum
264 1401 398 1467 canibus
426 1402 583 1468 venaticis
611 1402 732 1466 vestitu
756 1403 878 1488 agresti
900 1404 963 1467 iter
986 1404 1141 1470 fecerunt:
1172 1425 1258 1468 curn·

79 1513 146 1576 que
168 1494 316 1575 tempore
338 1489 426 1574 ipso,
448 1512 513 1574 quo
537 1490 738 1575 studuerant,
760 1493 997 1576 pervenissent,
1020 1493 1151 1559 domum
1176 1491 1258 1557 Cha·

78 1575 414 1646 ronis'deverterunt.

171 1665 231 1731 ΙΠ.
268 1665 340 1731 Hoc
372 1667 443 1732 loco
476 1666 557 1730 libet
587 1665 808 1749 interponere,
842 1668 904 1730 etsi
936 1669 1118 1733 seiunctum
1151 1669 1192 1733 ab
1224 1685 1295 1732 re1

77 1755 252 1842 proposita
279 1759 345 1839 est,
376 1755 479 1820 nimia
507 1754 626 1818 fiducia
656 1757 797 1837 quantae
829 1755 1010 1820 calamitati
1044 1756 1148 1821 soleat
1181 1778 1259 1822 esse.

77 1843 170 1910 Nam
193 1843 445 1926 magistratuum
469 1842 697 1907 Thebanorum
724 1842 765 1907 ad
788 1865 882 1908 aures
905 1845 1052 1927 pervenit
1074 1845 1200 1909 exsules
1224 1845 1259 1909 in

75 1933 196 1999 urbem
219 1932 355 1997 venisse.
391 1930 429 1996 Id
447 1931 497 1995 illi
516 1932 591 1996 vino
616 1931 781 2016 epulisque
800 1931 900 1997 dediti
922 1954 1024 2016 usque
1048 1955 1085 1998 eo
1107 1934 1258 2017 despexe-

77 2025 172 2104 runt,
198 2024 237 2085 ut
264 2041 305 2085 ne
333 2041 486 2104 quaerere
515 2020 645 2104 quidem
673 2024 766 2085 tanta
793 2020 831 2085 de
855 2042 890 2084 re
915 2023 1095 2087 accuratius
1104 2019 1141 2107 ¹⁰)
1171 2023 1260 2088 labo-

77 2112 206 2176 rarent..
238 2108 386 2174 Accessit
404 2107 489 2192 quod
513 2109 611 2172 etiarn
634 2110 741 2192 magis
764 2110 905 2193 aperiret
923 2132 1035 2176 eorum
1054 2111 1259 2176 dementiam.
1278 2127 1294 2174 2

78 2198 196 2264 Allata
219 2200 270 2262 est
292 2197 378 2262 enim
401 2197 539 2261 Athenis
563 2197 620 2262 uni
644 2220 682 2262 ex
705 2198 781 2280 illis,
804 2199 955 2282 Archiae,
982 2200 1129 2283 quitum
1153 2201 1260 2264 maxi-

77 2308 173 2352 mum
201 2285 432 2370 magistratum
456 2285 577 2350 Thebis
606 2286 788 2370 obtinebat,
817 2288 971 2370 epistula,
998 2290 1033 2351 in
1056 2310 1120 2372 qua
1151 2288 1260 2351 omnia

79 2376 122 2440 de
146 2374 348 2458 profectione
372 2374 518 2439 exsulum
537 2375 717 2457 perscripta
741 2379 842 2439 erant.
881 2374 971 2451 Quae
995 2397 1067 2440 cum
1091 2376 1261 2440 accubanti

76 2466 116 2530 in
139 2462 288 2528 convivio
318 2465 404 2528 esset
427 2462 517 2545 data,
541 2464 625 2527 sicut
648 2466 719 2526 erat
742 2463 886 2547 signata,
914 2463 973 2527 sub
997 2463 1164 2547 pulvinum
1188 2463 1260 2527 sub·

76 2553 184 2618 iciens
207 2549 255 2614 ‘in
279 2549 468 2616 crastinum'
490 2552 598 2634 inquit
621 2549 745 2615 ‘differo
764 2572 816 2615 res
836 2550 959 2617 serias'.
995 2552 1041 2615 At
1063 2552 1113 2615 illi
1137 2568 1293 2636 omnes,e

78 2663 158 2706 curn
184 2639 251 2705 iam
280 2660 346 2704 nox
372 2639 599 2724 processisset,
627 2639 782 2704 vinolenti
806 2663 826 2704 a
849 2640 1027 2704 coniuratis
1056 2643 1132 2704 sunt
1158 2640 1259 2705 inter-

76 2727 170 2795 fecti.
215 2727 340 2804 Quibus
366 2729 463 2793 rebus
492 2727 661 2811 confectis,
691 2728 789 2813 vulgo
823 2729 865 2793 ad
893 2751 983 2793 arma
1010 2729 1259 2812 libertatemque

78 2821 212 2894 vocato,
239 2837 306 2882 non
336 2818 441 2882 solum
468 2816 524 2900 qui
551 2816 586 2880 in
608 2817 688 2881 urbe
712 2821 818 2901 erant,
847 2818 903 2882 sed
927 2818 1025 2882 etiam
1054 2817 1197 2903 undique
1221 2840 1260 2882 ex

80 2905 172 2991 agris
195 2908 443 2988 concurrerunt,
469 2905 667 2989 praesidium
690 2904 1021 2972 Lacedaemoniorum
1046 2928 1084 2971 ex
1108 2929 1181 2971 arce
1204 2929 1259 2990 pc·

80 2993 251 3079 pulerunt,
273 2993 415 3077 patriam
439 2993 607 3058 obsidione
630 2994 824 3077 liberarunt,
853 3000 1000 3061 auctores
1024 2993 1183 3060 Cadmeae
1207 3017 1260 3059 oc·

80 3081 258 3167 cupandae,
281 3084 442 3166 quotquot
465 3087 666 3165 supereraut,
688 3082 724 3146 in
746 3083 897 3147 exsilium
920 3084 1091 3148 eiecerunt.

171 3169 229 3236 IV.
246 3169 309 3234 Illo
324 3173 393 3234 tam
407 3170 538 3235 turbido
553 3173 710 3255 tempore,
725 3171 808 3234 sicut
823 3167 1158 3255 supradocuimus11),
1173 3169 1258 3252 Epa·
1279 3187 1293 3232 1

79 3258 264 3342 minondas,
284 3258 391 3343 quoad
410 3280 483 3323 curn
502 3257 625 3323 civibus
645 3258 834 3322 dimicatum
853 3261 911 3341 est,
930 3258 1017 3322 domi
1041 3258 1168 3340 quietus
1187 3257 1257 3322 fuit.

78 3348 197 3431 Itaque
210 3347 292 3412 haec
305 3347 517 3412 liberatarum
532 3347 715 3411 Thebarum
729 3347 800 3411 laus
814 3346 946 3430 propria
966 3349 1016 3410 est
1028 3343 1259 3433 Pelopidam),

77 3440 207 3503 ceterae
233 3435 300 3499 fere
323 3457 509 3502 communes
537 3457 609 3499 cum
632 3434 868 3518 Epaminonda.
913 3433 1063 3519 Namque
1086 3434 1254 3500 Leuctrica
1277 3452 1293 3500 a

76 3524 494 3698 ttutsutrtltlt
509 3522 1256 3696 ttlllttllsslhllsltltltili]

369 3664 380 3698 ,
1251 3663 1258 3677 .

118 3839 212 3912 ⁸)Mit
226 3840 326 3908 denen,
345 3840 391 3895 die
409 3839 440 3894 in
453 3838 568 3895 Theben
584 3839 643 3894 sich
697 3839 795 3894 weiter
834 3838 1049 3894 nachforechen.
1103 3839 1141 3893 Er
1178 3839 1259 3893 hatte

76 3913 168 3968 ihnen
186 3912 376 3967 anschlossen.
698 3909 831 3980 dhrigens
854 3909 900 3965 die
920 3915 953 3964 12
973 3910 1153 3993 Verbannten
1177 3908 1259 3963 einen

118 4017 240 4088 ΗΜ·
260 4035 294 4072 u
311 4017 395 4086 Asa·
414 4017 462 4086 vr,
481 4023 507 4071 ³·
698 3981 1019 4118 tlttlffsstlffllt
1034 3980 1259 4104 blastus

121 4125 156 4194 ¹⁰)
176 4123 222 4179 Sic
236 4122 337 4178 lielsen
348 4140 401 4176 nur
412 4121 522 4177 Charon
536 4139 569 4175 au
583 4121 644 4176 sich
697 4069 765 4176 ham
784 4123 842 4178 erat
859 4122 890 4176 in
902 4123 952 4176 der
970 4120 1088 4176 aweiten
1101 4119 1196 4174 Nacht
1211 4135 1260 4173 zur

76 4196 214 4251 kommen
236 4195 295 4248 und
312 4194 481 4264 beruhigtcn
504 4192 577 4262 sich,
602 4193 644 4246 als
698 4190 886 4263 Ausfiihrung.

78 4267 175 4322 dieser
193 4265 376 4333 versicherte‚
401 4281 431 4319 er
448 4265 530 4319 wisse
549 4263 643 4318 nichts
736 4264 769 4333 11)
787 4263 887 4333 Epam.
905 4262 939 4330 X,
957 4269 983 4317 3.

78 4353 140 4394 von
149 4338 200 4393 der
210 4336 309 4404 Sache,
318 4336 411 4391 werde
421 4334 566 4391 derselben
576 4335 644 4390 aber
735 4333 768 4404 ²¹)
786 4333 868 4389 Anm.
887 4353 922 4388 au
940 4333 961 4402 Ι,
982 4338 1005 4386 1.
