2812 4786
480 192 580 248 XVIII.
612 191 797 248 EUMENES.
822 199 847 248 4.
867 199 892 249 ὅ.
1234 193 1278 258 65

97 377 225 421 summa
257 354 386 438 imperii
417 351 663 440 potirentur):⁴)
698 353 876 437 Eumenes,
914 355 970 440 qui
1001 377 1105 442 neque
1138 373 1312 442 magnast

98 445 207 530 copias
231 465 336 528 neque
358 443 468 508 firmas
491 444 636 526 haberet,
660 444 745 529 quod
766 465 831 509 non
854 445 958 509 multo
984 449 1060 510 aute
1084 448 1176 509 erant
1199 467 1275 510 cou-

89 527 234 616 'tractaq
257 532 479 617 intellegebat,
503 533 529 596 si
549 532 661 616 copiae
685 554 762 596 suae
782 537 993 618 cognossent,
1016 533 1169 598 adversus
1194 555 1275 619 quos

96 621 297 706 ducerentur,
320 642 384 685 non
409 620 505 685 modo
523 642 590 685 uon
609 621 722 704 ituras,
746 621 802 685 sed
826 621 923 686 simul
941 644 1014 687 cum
1037 622 1152 687 nuntio
1173 622 1276 706 dilap-

96 731 199 775 suras.
250 709 364 793 Itaque
397 709 459 774 hoc
487 708 517 772 ei
544 709 650 774 visum
682 713 733 774 est
765 710 1068 795 prudentissimum,
1100 715 1137 775 ut
1172 710 1311 776 deviisb

97 799 270 863 itineribus
295 798 414 862 milites
438 798 583 882 duceret,
605 798 640 862 in
664 798 780 882 quibus
803 819 880 863 vera
904 799 1013 863 audire
1042 821 1108 864 non
1132 803 1277 885 possent,

97 887 204 972 iisque
218 886 427 970 persuaderet
446 907 480 950 se
499 889 613 952 contra
627 886 783 970 quosdam
798 887 956 952 barbaros
971 888 1143 972 proficisci.
1167 890 1275 973 Atque
1296 905 1312 955 e

99 976 146 1041 sic
160 976 266 1040 tenuit
280 975 343 1040 hoc
356 977 570 1060 propositum,
588 978 625 1039 ut
643 976 733 1058 prius
753 977 789 1040 in
808 977 910 1041 aciem
930 978 1107 1041 exercitum
1126 977 1277 1042 educeret

98 1065 320 1148 proeliumque
344 1063 572 1146 committeret,
591 1085 688 1148 quam
706 1063 825 1129 milites
845 1064 895 1128 sui
915 1065 1044 1147 scirent,
1064 1087 1137 1131 cum
1157 1065 1276 1151 quihus

98 1175 189 1217 arma
212 1152 404 1218 conferrent.
440 1151 558 1234 Effecit
581 1152 680 1217 etiam
703 1152 786 1216 illud
805 1154 950 1218 locorum
974 1155 1276 1237 praeoccupatione,

98 1244 136 1306 ut
160 1240 306 1326 equitatu
324 1241 434 1325 potius
458 1241 636 1325 dimicaret,
660 1262 723 1325 quo
743 1241 818 1326 plus
840 1242 978 1326 valebat,
1002 1264 1100 1327 quam
1119 1242 1277 1326 peditatu,

101 1350 166 1414 quo
191 1334 262 1394 erat
286 1326 486 1414 deteriore5).

192 1417 248 1483 IV.
272 1416 418 1493 Quorum
441 1417 597 1482 acerrimo
617 1439 774 1482 concursu
797 1440 870 1482 cum
894 1438 1049 1504 magnam
1068 1422 1194 1504 partem
1214 1419 1313 1483 diei1

101 1508 189 1570 esset
207 1509 397 1590 pugnatum,
416 1505 502 1570 cadit
521 1503 674 1571 Craterus
695 1507 758 1570 dux
777 1510 810 1570 et
828 1505 1074 1592 Neoptolemus,
1092 1508 1147 1592 qui
1167 1529 1278 1572 secun-

102 1593 179 1659 dum
207 1595 313 1660 locum
341 1594 471 1678 imperii
498 1594 640 1659 tenebat.
687 1593 837 1679 Namque
862 1595 1035 1679 Antipater
1064 1596 1189 1679 proelio
1212 1616 1278 1661 non

102 1684 269 1750 intererat.
306 1681 387 1749 (lum
406 1681 621 1768 Neoptolemo
641 1686 804 1748 concurrit
826 1684 895 1766 ipse
914 1683 1086 1748 Eumenes.
1124 1681 1186 1758 Qui
1206 1699 1314 1748 cuma

101 1773 187 1836 inter
211 1794 245 1836 se
269 1773 429 1855 complexi
451 1772 486 1835 in
508 1776 631 1837 terram
655 1792 693 1836 ex
713 1773 804 1856 aquis
824 1771 1028 1856 decidissent,
1052 1776 1089 1836 ut
1111 1771 1207 1837 facile
1230 1772 1279 1836 in-

100 1861 214 1945 tellegi
236 1865 349 1945 posset
376 1861 508 1925 inimica
532 1864 638 1925 mente
663 1881 717 1925 eos
741 1859 946 1925 contendisse
977 1861 1149 1944 animoque
1173 1860 1278 1944 magis

101 1949 203 2013 etiam
224 1969 387 2034 pugnasse
411 1971 508 2032 quam
532 1970 675 2032 corpore,
697 1970 764 2014 non
787 1949 876 2032 prius
901 1948 1049 2014 distracti
1074 1953 1160 2032 suut,
1183 1970 1281 2033 quam

102 2037 240 2102 alterum
269 2038 379 2102 anima
406 2038 546 2122 reliquit.
591 2037 620 2103 A
644 2059 708 2122 quo
736 2038 860 2121 aliquot
887 2037 995 2123 plagis
1018 2035 1181 2102 Eumenes
1209 2037 1280 2102 vul-

100 2129 233 2191 neratus
261 2146 301 2190 ex
328 2125 452 2210 proelio
480 2148 546 2191 non
574 2127 724 2209 excessit,
752 2126 808 2191 sed
837 2126 942 2191 acrius
970 2126 1120 2192 hostibus
1148 2126 1280 2191 institit.

101 2211 156 2279 Sic
180 2214 342 2299 equitibus
366 2215 562 2300 profligatis,
586 2215 714 2281 amissis
738 2215 887 2297 ducibus,
915 2215 1027 2280 multis
1052 2218 1223 2298 praeterea
1247 2218 1315 2278 eta

100 2303 240 2367 maxime
267 2303 430 2367 nobilibus
460 2304 563 2389 captis
595 2304 744 2388 pedester
771 2304 945 2386 exercitus,
973 2304 1059 2387 quod
1088 2303 1122 2366 in
1147 2323 1184 2366 ea
1206 2303 1279 2368 loca

99 2394 172 2457 erat
195 2391 363 2475 deductus,
387 2396 424 2455 ut
448 2392 550 2457 invito
574 2392 720 2457 Eumene
743 2391 828 2456 elabi
858 2413 925 2456 non
948 2394 1077 2475 posset,
1100 2413 1213 2474 pacem
1237 2391 1278 2455 ab

99 2501 137 2546 ao
157 2479 262 2564 potiit
299 2478 404 2555 Quam
428 2502 500 2545 cum
519 2482 736 2566 impetrasset,
755 2481 790 2544 in
808 2479 871 2544 fida
889 2501 956 2543 non
976 2479 1159 2563 mansitat,
1183 2479 1281 2544 simul

99 2589 138 2634 aa
161 2568 283 2653 potuit,
312 2568 352 2632 ad
375 2566 587 2652 Antipatrum
612 2591 647 2634 se
674 2569 805 2652 recepit.
850 2566 1020 2634 Craterum
1047 2566 1211 2632 Eumenes
1240 2583 1316 2632 ext

98 2657 169 2721 acie
192 2656 385 2721 semivirum
414 2657 535 2722 elatum
562 2679 707 2734 recreare
730 2657 868 2722 studuit:
898 2677 972 2720 cum
999 2656 1032 2721 id
1059 2677 1127 2721 non
1155 2659 1275 2740 posset,

98 2767 158 2829 pro
180 2744 323 2810 hominis
346 2743 539 2834 dignitate⁶)
562 2750 686 2831 pro'que
709 2746 848 2828 pristina
871 2744 1014 2810 amicitia
1037 2741 1192 2832 (namque
1214 2745 1273 2810 illo

98 2855 176 2898 usus
204 2840 275 2898 erat
298 2834 480 2900 Alexandro
509 2836 583 2901 rivo
610 2832 832 2920 familiariter)
868 2834 977 2919 amplo
1009 2833 1121 2899 funere
1158 2834 1274 2899 extulit

100 2943 240 3007 ossaque
262 2923 297 2986 in
320 2921 544 2989 Macedoniam
567 2924 659 2989 uxori
683 2924 751 2988 eius
776 2945 814 2988 ac
835 2923 946 2987 liberis
971 2923 1104 2988 remisit.

191 3009 229 3074 V.
262 3009 351 3075 Haec
380 3011 455 3076 dum
484 3013 517 3077 in
545 3011 626 3077 Asia
654 3016 825 3098 geruntur,
851 3011 1021 3077 Perdiccas
1052 3012 1137 3095 apud
1166 3009 1279 3074 Nilum
1302 3026 1315 3073 1

101 3097 223 3164 flumen
245 3099 440 3165 interficitur
463 3123 482 3164 a
505 3100 639 3167 Seleuco
664 3104 697 3165 et
720 3101 881 3186 Antigene
889 3097 930 3185 ⁷),
958 3120 1130 3185 rerumque
1153 3120 1280 3162 summa

102 3187 143 3251 ad
163 3184 374 3273 Antipatrum
395 3189 547 3254 defertur.
593 3189 727 3274 Ibidem,
750 3190 805 3272 qui
829 3185 1080 3272 deseruerant⁸),
1104 3182 1279 3273 exercitu9)

103 3275 295 3358 suffragium
308 3276 441 3362 ferente,
458 3277 575 3361 capitis
595 3278 746 3342 absentes
767 3277 969 3355 damnantur,
988 3277 1020 3340 in
1040 3275 1093 3339 his
1108 3275 1278 3340 Eumenes.

102 3362 174 3428 Hac
192 3364 248 3428 ille
267 3386 437 3449 percussus
457 3366 555 3451 plaga
578 3387 646 3431 non
670 3366 838 3431 succubuit
855 3385 959 3449 neque
979 3385 1016 3430 eo
1036 3365 1137 3429 setius
1156 3363 1279 3428 bellum

101 3452 353 3520 administravit.
398 3452 461 3520 Sed
490 3455 588 3519 exiles
616 3477 667 3520 res
696 3453 797 3519 animi
820 3453 1094 3539 magnitudinem,
1121 3451 1185 3517 etsi
1210 3473 1279 3515 non

136 3643 161 3713 ⁴)
179 3641 355 3716 Konjunktiv
370 3645 419 3700 der
433 3645 524 3700 oratio
539 3645 663 3728 obliqua,
754 3644 775 3713 8)
802 3644 838 3699 So
874 3642 1055 3699 bezeichnete
1092 3659 1159 3697 man
1190 3657 1280 3712 unge·

100 3713 256 3770 reranlasst
269 3716 357 3771 durch
371 3715 463 3772 habiti
478 3718 549 3770 sunt.
573 3715 664 3772 Potin
716 3714 912 3770 rechterweise
927 3716 978 3769 das
990 3715 1143 3769 Verbalten
1158 3713 1208 3767 der
1223 3715 1280 3766 An-

100 3784 164 3840 hiar
181 3785 263 3854 ‚inne
280 3786 400 3856 haben“,
418 3786 472 3841 wie
492 3787 552 3854 Vll,
572 3793 596 3841 1.
716 3786 825 3857 htnger
848 3786 898 3840 des
925 3785 1099 3840 ermordeten
1122 3784 1279 3840 Perdiccas.

137 3856 161 3925 ὅ)
179 3825 243 3911 Abl.
258 3857 336 3912 modi
348 3857 396 3912 bei
411 3875 477 3913 esse.
501 3856 566 3927 Vgl.
581 3859 663 3914 Anm.
1206 3924 1212 3936 .

101 3945 135 3982 au
153 3927 219 3983 Dat.
237 3926 271 3996 V,
291 3934 316 3983 3.
754 3927 776 3998 ⁹)
796 3927 853 3982 Das
876 3925 963 3994 Heer,
987 3924 1106 3980 welches
1130 3923 1281 3979 Perdiccas

137 3997 315 4067 ⁶)Anm.·su
333 3998 406 4054 Dion
424 3999 446 4065 1,
465 4005 490 4054 2.
718 4017 766 4052 zur
792 3997 1007 4071 Unterwerfung
1039 3997 1089 4050 des
1119 3993 1281 4050 Ptolemtus

138 4069 160 4138 Ἰ)
179 4068 315 4124 Derselbe
340 4070 391 4124 wie
410 4069 473 4138 VII,
495 4075 519 4123 1.
555 4069 593 4122 Er
617 4069 664 4124 be·
718 4069 791 4124 nach
817 4061 949 4138 Agypten
976 4065 1090 4136 gefdhrt
1116 4065 1205 4119 hatte.
1243 4065 1281 4119 Es

101 4137 221 4208 febligte
235 4138 508 4211 dieArgyraspiden,
521 4139 567 4193 die
580 4141 665 4195 nach·
719 4157 778 4194 war
802 4158 836 4192 au
856 4139 962 4193 diesem
985 4137 1201 4207 dbergegangen
1223 4136 1282 4188 und

101 4208 152 4264 her
179 4209 219 4263 im
246 4210 337 4266 Heere
369 4211 417 4266 des
447 4210 586 4266 Eumenes
620 4210 665 4266 die
718 4209 799 4264 hatte
826 4209 885 4263 ihm
913 4209 960 4264 die
986 4206 1282 4276 Reichsregentschaft

102 4279 318 4336 macedonische
326 4281 453 4337 Phalanx
467 4283 594 4337 bildeten
607 4282 665 4336 und
718 4282 906 4350 angetragen‚
930 4279 1021 4334 dieser
1045 4277 1113 4333 aber
1136 4277 1176 4332 sie
1196 4276 1280 4346 abge-

103 4350 255 4407 desselben
274 4353 413 4407 rerrieten
431 4353 476 4424 (X,
496 4357 532 4418 2).
718 4351 808 4407 lehnt.

156 4449 290 4505 Oscum,
304 4449 425 4493 Oorneltus
439 4453 524 4502 Nepos.
1061 4442 1082 4488 l>
