2844 4800
429 212 530 269 xvrn.
557 178 741 268 eumenes.
767 218 891 268 10-12.
1205 213 1248 278 69

68 397 135 462 que
154 375 240 440 diem
258 397 357 440 unum
377 376 545 461 opperitur
564 374 605 440 ad
619 375 842 441 lassitudinem
864 375 1040 440 sedandam
1058 373 1248 464 militum²⁵)

68 487 110 531 ac
133 464 307 529 reficienda
328 463 484 551 iumenta,
506 487 569 550 quo
593 464 772 548 integriore
797 465 937 529 exercitu
961 464 1152 529 decerneret.

162 552 201 617 X.
226 550 278 617 Sic
292 552 456 618 Eumenes
475 554 628 619 callidum
642 553 873 637 imperatorem
892 554 1028 618 consilio
1043 554 1123 618 vicit
1138 554 1246 619 celeri-
1269 572 1281 618 1

66 646 237 727 tatemque
260 642 329 705 eius
352 641 531 725 impedivit,
553 662 657 727 neque
680 647 792 706 tamen
815 642 954 707 multum
977 640 1124 726 profecit.
1160 640 1283 707 Nema

67 730 196 797 invidia
237 729 367 809 ducum,
404 752 477 795 eum
518 730 635 815 quibus
673 735 758 809 erat,
800 730 996 815 perfidiaque
1033 729 1248 796 Macedonum

66 823 311 904 veteranorum,
326 840 398 883 cum
413 819 559 904 superior
568 820 692 904 proelio
707 819 920 904 discessisset,
929 818 1100 903 Antigono
1115 821 1158 901 [a.
1167 820 1246 902 315]

66 912 123 974 est
151 907 287 973 deditus.
334 905 490 983 Quemvis
523 909 611 973 enim
644 908 802 973 exercitus
835 907 865 973 ei
896 914 947 973 ter
980 913 1055 973 ante
1088 909 1247 991 separatis

65 996 273 1081 temporibus
307 994 514 1061 defensurum
547 1018 581 1062 sa
614 1017 687 1061 eum
720 1018 824 1082 neque
856 1019 1010 1081 umquam
1046 997 1247 1062 deserturum

65 1087 225 1170 iurasset,
247 1088 342 1149 tanta
364 1083 429 1149 fuit
450 1086 682 1151 nonnullorum
704 1085 834 1150 virtutis
859 1085 1065 1163 obtrectatio,
1091 1090 1128 1150 ut
1149 1085 1246 1150 fidem

66 1175 223 1240 amittere
249 1173 386 1237 mallent
414 1195 511 1257 quam
540 1195 613 1239 aum
640 1196 707 1240 non
732 1175 874 1259 perdere.
920 1175 1028 1259 Atque
1051 1174 1282 1260 Antigonus,3

65 1285 144 1330 cum
168 1263 197 1327 ei
220 1261 337 1327 fuisset
360 1261 601 1348 infestissimus,
624 1267 750 1349 tamen,
773 1265 880 1347 siper
904 1285 979 1328 suos
1003 1268 1089 1327 esset
1110 1263 1247 1346 licitum,

67 1354 307 1434 conservasset,
326 1350 411 1435 quod
432 1351 472 1415 ab
490 1352 582 1416 nullo
606 1374 640 1417 se
659 1352 732 1436 plus
753 1350 898 1417 adiuvari
916 1373 1013 1436 posse
1033 1352 1248 1438 intellegebat

64 1441 104 1506 in
128 1440 170 1505 iis
193 1440 301 1522 rebus,
325 1461 405 1523 quas
428 1440 615 1525 impendere
634 1442 699 1505 iam
725 1442 904 1525 apparebat
927 1441 968 1505 ab
988 1441 1147 1506 omnibus.
1182 1440 1245 1506 Im-

67 1529 242 1595 minebant
265 1527 351 1592 enim
375 1525 538 1612 Seleucus,
556 1527 782 1614 Lysimachus,
799 1529 1019 1615 Ptolemaeus,
1043 1529 1158 1615 opibus
1181 1531 1247 1594 iam

64 1619 229 1701 valentes,
257 1638 331 1682 cum
359 1618 476 1702 quibus
505 1617 535 1681 ei
562 1618 602 1682 de
632 1619 766 1683 summis
794 1619 891 1682 rebus
921 1621 993 1683 erat
1019 1618 1245 1683 dimicandum.

66 1704 132 1773 Sed
159 1707 241 1771 illud
268 1727 335 1770 non
363 1706 455 1789 passi
483 1710 572 1788 sunt,
600 1708 656 1790 qui
679 1707 764 1772 circa
787 1710 892 1788 erant,
922 1706 1009 1790 quod
1031 1705 1176 1771 Eumene
1199 1724 1282 1772 re·4

65 1799 164 1879 cepto
190 1816 302 1861 omnes
326 1814 361 1858 se
384 1816 463 1878 prae
486 1794 545 1860 illo
568 1796 661 1879 parvi
683 1795 811 1860 futuros
835 1794 997 1860 videbant.
1038 1792 1113 1880 Ipse
1136 1797 1245 1860 autem

63 1884 257 1970 Antigonus
281 1881 361 1948 adeo
385 1888 456 1948 erat
478 1883 640 1967 incensus,
662 1887 699 1949 ut
722 1885 784 1949 nisi
808 1904 929 1969 magna
951 1906 1007 1967 spe
1030 1884 1246 1949 maximarum

63 1994 177 2039 rernm
200 1972 296 2037 leniri
319 1992 385 2036 non
408 1978 528 2056 posset.

155 2059 214 2127 XI.
236 2059 353 2145 Itaque
373 2082 411 2125 eo
431 2061 466 2125 in
485 2061 667 2128 custodiam
683 2062 768 2139 dato,
784 2084 857 2127 cum
872 2060 1054 2145 praefectus
1075 2061 1246 2126 custodum
1267 2080 1280 2127 1

63 2150 264 2237 quaesisset,
300 2149 571 2234 quemadmodum
604 2147 774 2237 servari²⁶)
807 2151 918 2235 vellet,
954 2149 1004 2215 ‘nt
1040 2149 1246 2215 acerrimum'

63 2239 175 2325 inquit
202 2237 344 2303 ‘leonem
372 2241 429 2303 aut
455 2238 695 2304 ferocissimum
724 2238 959 2323 elephantum':
987 2239 1133 2304 nondum
1158 2240 1245 2303 enim

63 2331 238 2412 statuerat,
252 2330 460 2392 conservaret
475 2349 548 2392 aum
567 2349 676 2393 necne.
704 2327 868 2394 Veniebat
883 2333 992 2392 autem
1011 2327 1052 2391 ad
1066 2327 1245 2392 Eumenem
1264 2344 1280 2392 2

62 2421 241 2502 utrumque
260 2436 363 2501 genus
381 2416 560 2500 hominum,
581 2419 614 2480 et
628 2417 683 2501 qui
701 2422 834 2501 propter
853 2416 961 2482 odium
980 2414 1122 2481 fructum
1142 2413 1245 2480 oculis

63 2526 107 2571 ex
129 2505 200 2571 ciue
223 2525 300 2570 casu
324 2526 438 2590 capere
461 2505 594 2587 vellent,
617 2508 650 2568 et
668 2504 724 2589 qui
741 2509 876 2591 propter
899 2508 1041 2569 veterem
1066 2504 1244 2569 amicitiam

63 2594 211 2679 colloqui
229 2592 453 2677 consolarique
472 2596 637 2676 cuperent:
658 2594 754 2658 multi
774 2595 874 2659 etiam
892 2593 1032 2658 formam
1051 2614 1245 2677 cognoscere
1326 2598 1332 2613 ¹

63 2681 257 2767 studebant,
279 2683 384 2766 qualis
407 2683 435 2747 is
459 2686 556 2766 esset,
579 2704 675 2767 quem
693 2687 762 2747 tam
784 2683 881 2748 valde
899 2682 1096 2764 timuissent,
1118 2684 1156 2746 ut
1177 2682 1245 2746 eius

62 2772 100 2837 in
127 2772 274 2858 pernicie
302 2773 443 2855 positam
473 2792 565 2854 spem
595 2771 755 2837 haberent
777 2772 941 2837 victoriae.
988 2769 1049 2835 Sed
1072 2770 1280 2853 Eumenes,3

62 2880 141 2926 cum
173 2860 296 2925 diutius
327 2860 362 2924 in
394 2860 530 2926 vinculis
561 2863 661 2944 esset,
695 2862 742 2925 ait
769 2860 990 2942 Onomarcho,
1022 2881 1121 2944 penes
1150 2880 1246 2944 quem

62 2952 197 3015 summa
220 2952 291 3014 erat
314 2949 490 3034 custodiae,
513 2949 625 3014 mirari
649 2971 692 3029 se,
720 2971 820 3034 quare
844 2950 909 3015 iam
932 2949 1064 3014 tertium
1088 2949 1172 3013 diem
1198 2949 1245 3014 sic

62 3041 246 3104 teneretur:
268 3059 335 3102 non
359 3037 448 3102 enirn
471 3037 533 3103 hoc
557 3039 728 3103 convenire
743 3039 903 3124 Antigoni
922 3038 1121 3121 prudentiae,
1144 3041 1181 3102 ut
1199 3038 1245 3101 sic

63 3126 257 3193 abuteretur
284 3126 385 3191 victo:
418 3126 496 3210 quin
525 3133 583 3192 aut
609 3127 748 3196 interfici
776 3131 833 3192 aut
856 3127 990 3191 missurn
1018 3127 1089 3191 fieri
1111 3127 1246 3190 iuberet.

62 3214 130 3293 Qui
154 3236 228 3281 cum
250 3214 389 3280 ferocius
416 3214 506 3299 loqui
528 3216 705 3300 videratur,
728 3213 950 3281 Onomarchus
974 3212 1086 3298 ‘quid‘l
1115 3212 1173 3299 tu',
1196 3213 1243 3278 in-
1262 3229 1280 3277 4

63 3303 152 3390 quit,
176 3302 299 3369 ‘animo
323 3303 352 3367 si
374 3303 439 3369 isto
463 3326 549 3388 eras,
577 3325 634 3369 cur
658 3304 781 3370 nonin
804 3303 929 3388 proelio
958 3303 1102 3368 cecidisti
1124 3302 1245 3386 potius,

62 3414 166 3478 qnam
193 3393 228 3457 in
256 3395 454 3476 potestatem
476 3393 599 3457 inimici
626 3391 787 3458 venires'?
834 3388 895 3457 Cui
918 3391 1081 3456 Eumenes
1105 3389 1279 3456 ‘utinamo

62 3479 198 3567 quidem
224 3479 313 3546 istud
342 3481 516 3546 evenisset!
546 3482 601 3545 sed
631 3503 669 3546 eo
697 3503 764 3546 non
792 3481 922 3563 accidit,
953 3479 1039 3565 quod
1067 3501 1245 3564 numquam

60 3590 139 3636 curn
163 3569 299 3635 fortiore
326 3591 399 3635 sum
422 3590 629 3655 congressus:
657 3592 723 3636 non
751 3571 837 3634 enirn
865 3591 939 3634 cum
967 3591 1129 3654 quoquam
1153 3590 1245 3634 arma

60 3658 188 3725 contuli
223 3659 303 3742 quin
325 3658 406 3722 mihi
430 3657 658 3724 succubuerit'.

220 3795 228 3812 .
261 3744 384 3812 Varum
406 3746 593 3832 Antigonus
617 3749 656 3813 de
680 3770 718 3812 eo
749 3768 822 3811 cum
845 3747 933 3812 solus
960 3747 1154 3812 constituere
1177 3761 1278 3812 nont

60 3835 213 3919 audam,
239 3835 282 3900 ad
309 3836 484 3901 consilium
511 3836 649 3901 rettulit.
696 3835 818 3901 Omnes
845 3836 953 3921 primo
981 3835 1164 3920 perturbati
1189 3835 1244 3899 ad·

60 3924 285 4009 mirabantur,
312 3945 378 3990 non
401 3926 468 3990 iam
491 3924 530 3988 dc
553 3946 591 3989 eo
616 3929 783 4008 sumptum
806 3945 875 3988 esse
900 3925 1108 4009 supplicium,
1136 3947 1156 3988 a
1179 3945 1243 4006 quo

62 4016 118 4080 tot
140 4034 247 4080 annos
270 4012 351 4079 adeo
375 4017 485 4079 essent
507 4014 593 4078 mala
611 4013 727 4092 habiti,
750 4017 787 4078 ut
806 4035 902 4096 saepe
926 4014 968 4077 ad
986 4012 1243 4096 desperationem

63 4102 180 4169 forent
201 4101 343 4187 adducti,
366 4102 485 4188 quique
509 4103 667 4169 maximos
691 4099 834 4188 duces²⁷)
858 4101 1083 4186 interfecisset,
1106 4101 1280 4184 deniquae

100 4240 137 4310 ¹⁸)
157 4242 241 4297 Anm.
260 4258 294 4296 zu
312 4239 394 4296 Ham.
413 4241 435 4311 1,
454 4247 479 4298 2.
505 4241 629 4296 Militum
684 4257 717 4296 eo
749 4240 779 4295 in
812 4239 969 4296 custodiam
1008 4241 1075 4294 dato
1112 4258 1145 4294 au
1183 4240 1244 4294 ent-

59 4310 157 4369 bildet
174 4312 256 4369 einen
266 4312 424 4383 Gegensatz
442 4330 476 4366 zu
493 4312 628 4369 iumenta.
683 4312 812 4368 nahmen.

99 4383 137 4456 ¹⁶)
155 4381 214 4439 Das
234 4383 312 4455 Subj.
335 4402 370 4438 au
389 4383 495 4439 servari
520 4382 560 4437 ist
578 4400 628 4438 aus
720 4382 755 4452 ³⁷)
773 4382 903 4438 Cratorus
922 4383 980 4436 und
998 4381 1218 4450 Neoptolemus.
