2812 4786
543 181 708 237 haricus
731 186 773 235 20.
793 186 835 236 21.
1234 181 1278 244 95
1312 216 1317 223 ·

107 353 195 433 nato,
218 348 368 433 privigno
392 367 460 426 suo,
484 343 668 428 despondit:
693 365 774 427 quae
798 342 981 407 coniunctio
1005 341 1278 407 necessitudinem

108 459 215 502 eorum
243 431 405 521 sanxiufl),
428 433 685 498 familiaritatem
707 431 848 496 reddidit
870 431 1131 515 frequentiorem.

196 525 266 589 XX.
300 523 502 607 Quamquam
526 525 602 586 ante
620 521 701 585 haec
724 520 891 603 sponsalia
913 541 979 584 non
1003 521 1118 602 solum,
1141 541 1213 583 cum
1237 518 1278 583 ab
1300 536 1312 582 1

106 615 186 678 urbe
211 614 353 696 abesset,
379 632 557 695 numquam
586 610 626 673 ad
650 629 782 673 suorum
807 630 1001 693 quemquam
1029 609 1157 673 litteras
1181 607 1280 691 misit,

107 703 185 786 quin
208 700 320 766 Attico
349 700 518 783 scriberet,
546 698 622 783 quid
650 693 822 782 ageret59),
852 695 885 760 in
909 696 1023 780 primis
1048 696 1125 781 quid
1147 696 1279 781 legeret,

107 791 286 874 quibusque
319 789 353 852 in
380 788 461 852 locis
495 789 528 850 et
556 786 709 870 quamdiu
742 787 828 850 esset
856 789 1054 868 moraturus,
1086 785 1142 849 sed
1170 784 1314 866 etiams

107 900 180 943 cum
199 882 285 943 esset
304 877 339 940 in
357 876 437 940 urbe
456 879 488 940 et
507 879 641 960 propter
659 874 806 939 infinitas
825 896 901 938 suas
921 873 1147 957 occupationes
1170 874 1278 937 minus

107 988 211 1050 saepe,
236 987 333 1048 quam
356 965 463 1048 vellet,
481 963 594 1028 Attico
616 963 790 1040 frueretur,
813 963 922 1027 nullus
946 962 1014 1026 dies
1037 965 1156 1026 temere
1180 962 1279 1024 inter·

105 1054 213 1136 cessit,
237 1075 301 1137 quo
324 1075 390 1117 non
414 1053 454 1117 ad
478 1075 553 1118 eum
577 1053 746 1130 scriberet,
770 1073 844 1115 cum
867 1050 962 1115 modo
987 1050 1109 1133 aliquid
1133 1049 1172 1114 de
1197 1050 1277 1113 anti-

105 1142 232 1225 quitate
256 1142 296 1205 ab
316 1162 354 1205 eo
377 1143 564 1224 requireret,
584 1140 680 1205 modo
705 1139 847 1223 aliquam
871 1139 1093 1223 quaestionem
1116 1139 1278 1221 poeticam

105 1231 135 1293 ei
157 1232 363 1314 proponeret,
386 1230 548 1294 interdum
566 1229 679 1293 iocans
699 1228 767 1292 eius
786 1228 989 1292 verbosiores
1008 1228 1138 1290 eliceret
1156 1227 1277 1308 epistu-

104 1319 162 1382 las.
208 1317 260 1381 Ex
283 1339 346 1401 quo
376 1318 505 1401 accidit,
537 1311 609 1381 cum
638 1317 732 1382 aedes
760 1314 848 1381 Iovis
874 1315 1013 1380 Feretrii
1043 1316 1077 1378 in
1106 1314 1314 1397 Capitolio,a

104 1406 145 1470 ab
165 1404 305 1470 Romulo
329 1407 516 1489 constituta,
538 1408 701 1471 vetustate
724 1408 819 1489 atque
842 1405 967 1469 incuria
986 1404 1113 1468 detecta
1131 1403 1278 1488 prolabe-

103 1499 209 1576 retur,
242 1499 278 1557 ut
310 1493 414 1558 Attici
447 1494 615 1558 admonitu
647 1492 767 1558 Caesar
799 1515 868 1557 eam
902 1493 1110 1557 reficiendam
1142 1494 1278 1557 curaret.

102 1579 218 1664 Neque
237 1602 313 1644 vero
337 1602 356 1644 a
374 1580 417 1645 M.
438 1581 581 1645 Antonio
600 1581 707 1645 minus
728 1580 844 1644 absens
863 1581 981 1645 litteris
1003 1581 1176 1663 colebatur,
1196 1581 1275 1645 adeo
1294 1596 1312 1644 4

105 1673 140 1733 ut
163 1673 312 1734 accurate
339 1669 394 1734 ille
422 1691 462 1733 ex
488 1669 613 1733 ultimis
641 1664 797 1754 terris⁶⁰)‚
827 1668 903 1752 quid
932 1674 1060 1752 ageret,
1088 1690 1183 1732 curae
1214 1669 1279 1733 sibi

102 1757 240 1822 haberet
272 1757 441 1822 certiorem
473 1757 581 1822 facere
613 1757 767 1821 Atticum.
822 1756 894 1822 Hoc
926 1758 1020 1841 quale
1061 1757 1118 1839 sit,
1150 1756 1314 1821 faciliusu

104 1846 305 1910 existimabit
342 1847 383 1929 is,
415 1846 470 1929 qui
502 1845 645 1910 iudicare
676 1845 812 1928 poterit,
845 1851 986 1929 quantae
1019 1846 1062 1910 sit
1099 1845 1277 1930 sapientiae

104 1956 215 1999 eorum
234 1936 374 1998 retinere
393 1956 487 1998 usum
506 1933 839 2017 benevolentiamque,
857 1935 943 1998 inter
961 1956 1041 2018 quos
1063 1936 1277 1998 maximarum

103 2044 211 2086 rerum
234 2045 301 2087 non
324 2024 431 2088 solum
455 2023 645 2106 aemulatio,
668 2022 724 2086 sed
748 2023 943 2087 obtrectatio
972 2026 1065 2087 tanta
1087 2023 1278 2101 intercedat,

103 2113 259 2194 quantam
277 2112 341 2175 fuit
359 2111 559 2176 intercedere
582 2132 713 2175 necesse
738 2110 824 2176 inter
842 2110 1015 2176 Caesarem
1039 2115 1072 2176 et
1089 2111 1278 2193 Antonium,

103 2221 176 2262 cum
201 2222 235 2265 se
259 2204 393 2283 uterque
416 2199 597 2284 principem
621 2221 687 2264 non
711 2200 815 2264 solum
839 2200 929 2264 urbis
952 2199 1085 2282 Romae,
1108 2200 1165 2263 sed
1190 2201 1277 2264 orbis

102 2290 262 2351 terrarum
286 2310 357 2350 esse
380 2292 519 2371 cuperet.

191 2372 278 2437 XXI.
301 2374 373 2438 Tali
397 2375 492 2438 modo
517 2396 590 2440 curn
615 2380 739 2456 septem
763 2379 796 2438 et
815 2375 1025 2459 septuaginta
1043 2396 1146 2439 annos
1167 2375 1274 2456 [a32]
1298 2392 1311 2438 1

103 2461 298 2545 complesset
316 2464 413 2544 atque
431 2461 471 2525 ad
490 2465 666 2525 extremam
685 2466 884 2526 senectutem
907 2484 974 2527 non
994 2463 1099 2527 minus
1118 2463 1276 2546 dignitate

103 2571 201 2632 quam
229 2549 337 2632 gratia
364 2549 557 2633 fortunaque
586 2551 739 2614 crevisset
765 2554 921 2634 tantaque
950 2551 1166 2634 prosperitate
1199 2573 1275 2615 usus

103 2641 189 2702 esset
206 2637 414 2716 valetudinis,
437 2640 474 2702 ut
493 2639 586 2703 annis
605 2638 744 2720 triginta
763 2635 969 2723 medicina⁶¹)
987 2660 1053 2703 non
1072 2639 1276 2723 indiguisset,

101 2731 219 2791 nactus
243 2730 292 2790 est
316 2726 475 2807 morbum,
499 2747 595 2810 quem
617 2726 710 2790 initio
735 2726 860 2810 etipse
884 2730 917 2792 et
937 2727 1054 2791 medici
1077 2735 1310 2812 contempsea

102 2819 192 2879 runt:
210 2836 288 2879 nam
301 2817 459 2899 putarunt
474 2837 544 2879 esse
558 2817 738 2899 tenesmon,
752 2816 805 2879 cui
817 2816 960 2880 remedia
975 2816 1092 2881 celeria
1106 2816 1275 2900 faciliaque

100 2904 382 2987 proponebantur·
422 2902 463 2967 In
491 2924 529 2967 eo
559 2924 632 2967 curn
659 2907 725 2966 tres
749 2925 876 2968 menses
905 2904 973 2968 sine
1001 2905 1077 2969 ullis
1100 2905 1311 2989 doloribus,3

100 2996 329 3076 praeterquam
350 3013 431 3074 quos
451 3013 489 3055 ex
507 2991 675 3055 curatione
699 2990 858 3076 capiebat,
881 2994 1146 3077 consumpsisset,
1166 2995 1274 3059 subito

100 3080 195 3141 tanta
228 3078 278 3141 vis
310 3078 417 3142 morbi
449 3077 484 3142 in
514 3080 616 3143 imum
648 3079 838 3144 intestinum
867 3082 1030 3164 prorupit,
1062 3085 1100 3145 ut
1131 3086 1274 3146 extremo

92 3167 245 3245 'tempore
268 3186 326 3247 per
353 3165 482 3229 lumbos
505 3167 635 3230 fistulae
662 3167 752 3250 puris
781 3169 955 3253 eruperint.
1001 3166 1147 3252 Cumque
1178 3173 1309 3234 antea4

99 3251 207 3315 morbi
236 3251 482 3316 diuturnitatem
508 3275 574 3318 non
602 3255 740 3319 moleste
766 3256 910 3339 tulisset,
941 3260 1115 3340 postquam
1143 3258 1176 3321 in
1205 3257 1273 3322 dies

100 3339 228 3404 dolores
253 3361 433 3405 accrescere
455 3340 626 3426 febresque
650 3344 823 3408 accessisse
848 3345 959 3426 sensit,
973 3346 1153 3430 Agrippam
1177 3366 1273 3429 gene·

99 3449 171 3491 rum
205 3428 244 3492 ad
277 3450 311 3492 se
344 3429 464 3494 arcessi
499 3430 596 3495 iussit
628 3434 660 3494 et
690 3453 762 3495 cum
795 3454 833 3497 eo
863 3431 900 3498 L.
925 3431 1110 3498 Cornelium
1134 3432 1272 3499 Balbum

101 3514 297 3600 Sextumque
326 3515 539 3583 Peducaeum.
584 3518 654 3584 Hos
691 3524 728 3583 ut
763 3521 889 3584 venisse
925 3522 1020 3602 vidit,
1058 3524 1092 3587 in
1128 3523 1308 3587 cubitums

98 3603 229 3668 innixus
254 3604 435 3689 ‘quantam'
458 3606 566 3691 inquit
595 3606 716 3672 ‘curam
741 3608 1008 3694 diligentiamque
1032 3611 1272 3676 invaletudine

98 3714 171 3756 mea
194 3694 315 3757 tuenda
337 3693 401 3758 hoc
420 3697 566 3779 tempore
591 3695 805 3780 adhibuerim,
829 3718 901 3761 cum
924 3719 982 3763 vos
1007 3702 1106 3764 testes
1124 3700 1282 3783 habeam,

98 3897 144 3954 Sie
164 3899 282 3954 brachte
296 3901 360 3953 dem
375 3901 544 3956 Octavianus
562 3901 659 3957 diesen
749 3903 784 3973 ⁶⁰)
802 3907 861 3959 Aus
885 3907 938 3962 den
965 3906 1101 3962 batlioben
1120 3903 1272 3962 Provinz'en

99 3968 182 4052 Sohn,
198 3969 252 4024 den
267 3973 398 4039 spateren
411 3971 509 4026 Kaisar
519 3973 656 4044 Tiberius,
711 3973 896 4044 deslteiohes,
911 3977 1062 4032 besonders
1072 3965 1271 4046 ausllgypten,

97 4054 147 4093 aus
156 4042 231 4095 rhrer
241 4045 334 4095 ersten
341 4041 402 4096 Ehe
411 4042 464 4098 mit
473 4042 656 4100 Ti.Olaudius
710 4062 755 4099 vvo
773 4047 913 4101 Antonias
935 4047 989 4102 seit
1006 4049 1056 4101 der
1074 4047 1208 4102 Schlacht
1226 4049 1271 4104 bei

96 4108 172 4163 Nero
191 4128 232 4166 au.
300 4173 302 4176 y
710 4115 805 4185 Philip
826 4118 836 4170 i
854 4116 915 4171 sich
933 4118 1018 4172 meist
1036 4117 1168 4173 aufhielt.

135 4180 169 4248 ⁶⁸)
188 4180 256 4236 Hier
274 4183 469 4264 „herstellen“.
748 4185 782 4256 61)
801 4133 840 4241 tr
861 4204 920 4242 vvar
947 4206 1019 4243 avar
1046 4191 1132 4243 ofters
1156 4189 1271 4244 unwohl

135 4250 170 4322 ⁶⁹)
189 4251 308 4322 Subjeke
331 4253 367 4308 ist
392 4256 454 4307 hier
477 4253 530 4310 vvie
553 4254 582 4308 in
608 4255 657 4310 der
710 4273 848 4326 genesen,
858 4257 938 4313 hatte
948 4259 1008 4314 sich
1017 4259 1085 4314 aber
1100 4261 1170 4314 stets
1183 4260 1270 4316 durch

94 4337 202 4389 genuen
221 4322 340 4378 Periode
359 4324 469 4381 Caesar.
710 4327 800 4383 blofse
818 4327 991 4399 vorsichtige
1008 4329 1076 4385 Diae
1094 4331 1210 4400 geheilt.
