2812 4786
464 183 500 247 Π.
522 182 806 242 unnfflsuocuns
830 190 855 242 1.
869 191 894 244 a.
1248 185 1267 250 7

92 374 156 416 usa
188 352 247 415 est.
295 345 467 412 Praeterea
499 367 617 432 magna
650 347 719 413 eius
751 351 821 413 erat
852 347 937 432 apud
969 369 1080 414 omnes
1113 348 1262 415 civitates

96 437 287 522 auctoritas,
314 435 423 502 nobile
455 457 587 521 nomen,
617 436 688 501 laus
715 437 762 502 rei
794 437 944 502 militaris
976 439 1127 503 maxima.
1172 438 1262 504 Haec

97 527 237 614 populus
255 524 431 609 respiciens
445 525 559 590 maluit
573 525 666 589 illum
685 525 852 591 innoxium
865 527 966 612 plecti
982 549 1079 612 quam
1093 549 1127 592 se
1142 526 1263 593 diutius

97 638 167 682 esse
189 617 224 681 in
247 615 373 680 timore.

451 865 498 939 II.
541 864 914 939 THEMISTOGLES.

184 1005 210 1071 1.
246 1003 489 1088 Themistocles,
511 1002 641 1070 Neoclis
663 1005 758 1083 filius,
778 1004 1000 1088 Atheniensis,
1019 1005 1099 1069 vitia
1121 1005 1264 1072 ineuntis
1287 1024 1300 1071 1

95 1093 335 1160 adulescentiae
357 1094 483 1178 magnis
507 1093 690 1159 emendavit
712 1093 773 1160 viri
797 1093 987 1178 virtutibus,
1016 1092 1095 1159 adeo
1119 1097 1156 1161 ut
1178 1099 1266 1160 ante-

95 1183 223 1248 feratur
236 1183 267 1246 ei
285 1203 388 1266 nemo,
405 1182 501 1267 pauci
519 1205 614 1267 pares
632 1186 797 1267 putentur.
821 1181 883 1248 Sed
898 1183 939 1247 ab
957 1181 1052 1247 initio
1070 1185 1119 1247 est
1138 1182 1265 1248 ordien-
1285 1201 1301 1249 2
1343 1186 1350 1197 '

98 1272 158 1337 dus
167 1270 201 1356 ¹).
234 1269 331 1335 Pater
354 1271 422 1336 eius
446 1269 582 1337 Neocles
606 1293 783 1357 generosus
806 1271 876 1338 fuit
905 1271 939 1336 Is
962 1292 1096 1337 uxorem
1120 1271 1266 1337 Halicar-

96 1360 242 1426 nassiam
265 1359 368 1425 civem
387 1360 487 1444 duxit,
511 1382 549 1425 ex
568 1382 631 1444 qua
649 1363 746 1426 natus
766 1363 816 1426 est
833 1360 1079 1426 Themistocles.
1112 1359 1174 1436 Qui
1193 1383 1268 1427 cum

95 1450 205 1514 minus
220 1451 306 1514 esset
323 1449 482 1533 probatus
496 1449 695 1535 parentibus,
710 1449 796 1535 quod
810 1452 843 1514 et
857 1450 990 1514 liberius
1006 1449 1137 1515 vivebat
1152 1453 1185 1515 et
1198 1472 1269 1517 rem

93 1537 291 1602 familiarem
314 1536 519 1623 neglegebat,
544 1561 564 1602 a
585 1541 677 1622 patre
701 1538 914 1603 exheredatus
938 1543 997 1603 est.
1043 1536 1132 1614 Quae
1156 1543 1267 1605 contu·
1286 1557 1302 1606 3

95 1627 196 1690 melia
221 1648 288 1691 non
315 1625 415 1711 fregit
438 1648 525 1711 eum,
549 1626 603 1691 sed
627 1627 736 1693 erexit
782 1625 869 1691 Nam
893 1649 966 1692 cum
994 1627 1170 1693 iudicasset
1199 1630 1267 1694 sine

99 1736 226 1779 summa
252 1714 413 1780 industria
439 1737 506 1780 non
532 1737 629 1798 posse
652 1738 723 1785 eam
747 1716 924 1801 exstingui,
953 1719 1059 1780 totum
1089 1737 1123 1780 se
1146 1716 1268 1782 dedidit

96 1804 146 1868 rei
167 1803 326 1889 publicae,
349 1803 538 1890 diligentius
562 1804 674 1870 amicis
697 1805 866 1888 famaeque
890 1804 1042 1870 serviens.
1071 1803 1211 1868 Multum
1233 1805 1269 1869 in

96 1892 227 1958 iudiciis
241 1892 388 1977 privatus
402 1894 603 1977 versabatur,
617 1915 714 1976 saepe
728 1893 762 1958 in
777 1894 963 1958 contionem
977 1894 1091 1977 populi
1104 1894 1271 1977 prodibat:

96 1981 190 2046 nulla
212 2003 263 2046 res
291 1982 394 2046 maior
417 1982 487 2047 sine
511 2004 549 2047 eo
576 1983 762 2066 gerebatur,
786 1982 933 2047 celeriter
962 2004 1044 2066 quae
1072 2004 1154 2068 opus
1178 1988 1271 2048 erant
1303 2043 1304 2047 ,

97 2070 292 2155 reperiebat,
310 2070 405 2135 facile
425 2070 535 2135 eadem
554 2071 701 2136 oratione
721 2071 916 2157 explicabat,
934 2071 1021 2156 quod
1040 2072 1129 2137 etde
1148 2073 1271 2138 instan-

96 2159 187 2224 tibus
205 2159 312 2243 rebus,
329 2162 366 2224 ut
385 2160 432 2224 ait
446 2158 658 2244 Thucydides,
677 2160 843 2226 verissime
862 2160 1028 2226 iudicabat
1047 2162 1133 2225 etde
1151 2161 1270 2227 futuris

94 2247 307 2313 callidissime
331 2248 518 2316 coniciebat
546 2246 661 2334 Neque
685 2248 792 2314 minus
815 2249 850 2313 in
869 2249 1019 2333 gerendis
1042 2249 1138 2314 rebus
1162 2266 1304 2334 prom-4

94 2340 173 2489 lptus
194 2342 263 2402 erat
282 2359 379 2422 quam
397 2339 628 2423 excogitandis.
660 2337 730 2416 Quo
750 2337 872 2403 factum
892 2342 943 2403 est
960 2342 997 2402 ut
1013 2338 1105 2403 brevi
1122 2342 1269 2421 tempore

97 2427 104 2439 ‘
121 2425 323 2490 lustraretur.

187 2513 229 2578 II.
265 2513 394 2580 Primus
427 2521 533 2581 autem
566 2516 686 2601 gradus
714 2514 777 2579 suit
804 2513 1018 2598 capessendae
1046 2514 1093 2578 rei
1119 2513 1304 2598 publicael

96 2603 183 2669 bello
198 2601 389 2689 Aeginensi:
408 2605 449 2670 ad
463 2604 548 2688 quod
567 2603 744 2689 gerendum
762 2608 894 2688 praetor
908 2625 929 2667 a
946 2603 1066 2687 populo
1085 2601 1190 2669 factus
1204 2625 1269 2670 non

97 2691 205 2756 solum
234 2693 399 2775 praesenti
426 2694 525 2776 belle,
554 2693 732 2758 sedetiam
760 2692 885 2777 reliquo
913 2693 1051 2776 tempori
1080 2691 1269 2758 ferociorem

96 2780 238 2846 reddidit
257 2781 430 2847 civitatem.
461 2780 547 2847 Nam
566 2805 638 2848 cum
656 2781 795 2868 pecunia
812 2781 951 2866 publica,
971 2803 1052 2866 quae
1072 2803 1111 2846 ex
1129 2782 1269 2847 metallis
1288 2799 1304 2848 a

94 2869 238 2952 redibat,
265 2871 438 2956 largitione
462 2872 712 2958 magistratuum
740 2871 913 2956 quotannis
936 2871 1096 2954 interiret,
1119 2871 1174 2936 ille
1197 2894 1267 2955 per-

95 2961 202 3024 suasit
228 2961 350 3044 populo
377 2964 415 3025 ut
438 2982 476 3024 ea
502 2961 638 3045 pecunia
665 2960 778 3026 classis
806 2963 934 3025 centum
962 2960 1095 3025 navium
1124 2962 1164 3041 [a.
1187 2961 1267 3042 487]

96 3048 322 3113 aedificaretur
331 3044 368 3136 ²).
419 3049 507 3126 Quae
547 3050 623 3115 dum
660 3049 885 3132 conficiuntur,
916 3048 1057 3132 primum
1088 3046 1303 3134 Aeginetase
1357 3065 1360 3072 '

94 3137 208 3222 fregit,
232 3137 345 3202 deinde
368 3137 585 3222 praedonibus
608 3139 773 3223 oppressis
796 3160 885 3202 mare
908 3142 1016 3202 tutum
1039 3136 1188 3200 reddidit.
1228 3135 1269 3200 In

97 3248 163 3310 quo
187 3248 257 3292 cum
284 3227 406 3292 divitiis
430 3227 644 3292 Athenienses
668 3227 810 3310 ornavit,
837 3229 907 3290 tum
931 3226 1027 3289 etiam
1052 3225 1267 3308 peritissimos

97 3313 179 3379 belli
199 3315 328 3380 navalis
351 3315 437 3381 fecit.
467 3315 506 3380 Id
525 3321 664 3402 quantae
684 3316 782 3380 saluti
800 3314 897 3378 fuerit
914 3314 1085 3378 universae
1105 3312 1268 3399 Graeciae,
1287 3331 1304 3380 4

99 3401 188 3466 bello
211 3404 376 3490 cognitum
400 3408 450 3469 est
472 3403 610 3470 Persico.
642 3403 773 3469 Etenim
795 3402 907 3487 paucis
930 3404 1006 3485 post
1029 3402 1123 3467 annis
1146 3401 1269 3471 Xerxes

97 3495 134 3556 et
161 3493 242 3556 mari
270 3497 303 3557 et
330 3497 420 3557 terra
450 3493 572 3557 bellum
599 3493 769 3558 universae
801 3491 914 3556 intulit
939 3490 1091 3576 Europae
1125 3495 1166 3575 [a.
1188 3495 1268 3576 480]

97 3602 172 3645 cum
195 3583 296 3646 tantis
320 3582 431 3667 copiis,
454 3586 593 3667 quantas
616 3602 719 3666 neque
740 3584 814 3644 ante
831 3601 891 3645 nec
913 3586 1028 3664 postea
1049 3581 1165 3648 habuit
1183 3584 1269 3666 quis-

97 3691 210 3754 quam:
229 3670 317 3735 illius
333 3671 418 3735 enim
433 3672 546 3736 classis
565 3671 655 3736 mille
668 3674 701 3735 et
719 3669 929 3734 ducentarum
948 3669 1079 3734 navium
1098 3671 1269 3755 longarum
1288 3685 1304 3734 5

97 3758 170 3839 fuit,
189 3781 287 3843 quam
305 3759 368 3824 duo
388 3759 478 3824 milia
496 3761 717 3825 onerariarum
737 3759 963 3843 sequebantur,
981 3761 1144 3824 terrestris
1159 3764 1268 3824 autem

98 3849 260 3913 exercitus
285 3848 490 3934 septingenta
510 3850 664 3933 peditum,
688 3848 832 3932 equitum
851 3846 1067 3932 quadraginta
1090 3847 1181 3912 milia
1198 3849 1268 3913 fue-

96 3941 184 4002 runt.
221 3936 320 4003 Ouius
346 3937 383 4002 de
408 3939 547 4003 adventu
571 3960 642 4003 cum
665 3937 753 4002 fama
776 3937 810 4001 in
834 3934 1002 4001 Graeciam
1026 3940 1111 4001 esset
1132 3938 1303 4021 perlatae

97 4025 325 4110 Athenienses,
344 4029 399 4111 qui
418 4029 557 4092 maxime
575 4026 644 4110 peti
659 4026 838 4091 dicerentur
856 4029 990 4109 propter
1007 4046 1149 4109 pugnam
1164 4023 1268 4089 Mara·

97 4115 257 4200 thoniam,
280 4115 425 4199 Delphos
448 4117 606 4181 miserunt
629 4115 821 4198 consultum,
844 4114 997 4199 quidnam
1021 4113 1175 4179 derebus
1201 4113 1267 4179 suis

139 4291 159 4359 ¹)
179 4288 656 4373 OrdiritransitivvieAlcib.itI,6.
711 4290 817 4360 gebaut
834 4289 958 4356 werden,
982 4287 1025 4342 bis
1045 4286 1090 4340 die
1114 4287 1182 4341 Zahl
1207 4288 1268 4343 der·

137 4359 159 4428 ²)
177 4361 214 4417 Es
232 4361 335 4417 sollten
351 4360 474 4431 jthrlrch
493 4366 527 4416 20
543 4362 658 4416 Trreren
712 4360 808 4415 selben
825 4359 877 4416 auf
892 4363 944 4414 200
962 4358 1102 4429 gebracht
1117 4362 1207 4414 utre.
