2812 4786
186 158 229 223 54
541 157 603 212 XV.
636 156 910 215 EPAMINONDAS.
936 165 960 214 8.
981 163 1006 213 9.

184 324 335 405 peterent
356 342 460 404 opem,
481 320 573 385 nulla
596 319 743 385 adhibita
766 321 923 386 memoria
946 319 1159 384 contumeliae
1182 319 1402 388 exercituu-

150 411 354 495 sebsidione
386 410 562 474 liberatum
595 409 725 474 domum
761 409 890 474 reduxit
925 409 1129 474 incolumem.
1181 407 1251 475 Nec
1286 431 1402 474 ver>

185 496 312 583 illud¹⁸)
337 498 437 563 semel
460 497 546 563 fecit.
591 496 733 563 Maxime
755 519 832 564 vero
856 498 918 563 hoc
939 497 1003 561 fuit
1024 497 1159 562 illustre.
1203 496 1244 561 Iu
1269 497 1402 565 Pelo-

186 608 366 672 ponnesum
386 586 561 653 exercitum
580 586 753 652 induxerat
771 586 925 652 adversus
940 585 1211 653 Lacedaemonios
1229 587 1272 666 [a.
1282 587 1402 669 3701«

186 675 393 759 habebatque
407 676 549 759 collegas
564 676 654 759 duos,
669 696 806 759 quorum
821 675 904 740 alter
916 679 987 740 erat
1000 674 1181 758 Pelopidas,
1195 676 1246 739 vir
1265 676 1361 742 fortir
1379 685 1402 748 j

150 779 168 828 4
187 786 224 830 ac
247 768 408 830 strenuus.
444 763 568 840 Quibus
592 786 664 830 cum
689 786 775 829 anuo
799 763 928 847 imperii
951 768 1063 828 exacto
1088 763 1169 829 alios
1192 768 1363 846 praetore·
1378 798 1402 831 ε

185 852 353 918 succedere
376 853 516 937 populus
538 853 697 936 iussisset,
718 851 960 936 Epaminondas
982 852 1096 936 populi
1119 852 1199 916 scito
1221 854 1266 932 [a.
1283 853 1352 920 369
1365 866 1402 915 1

184 962 251 1006 uon
269 941 378 1025 paruit
397 942 547 1025 idemque
567 945 602 1005 ut
614 941 758 1006 facerent
772 941 935 1024 persuasit
953 941 1103 1026 collegis:
1123 941 1255 1024 bellum,
1277 963 1402 1026 quo-

186 1034 387 1114 susceperat,
414 1029 553 1094 feliciter
580 1030 691 1115 gessit.
736 1028 886 1113 Namque
915 1029 1208 1113 animadvertebat,
1235 1030 1306 1096 nisi
1333 1031 1402 1097 i-

184 1117 321 1203 fecisset,
343 1122 450 1185 totum
473 1118 648 1183 exercitum
671 1122 805 1202 propter
827 1122 1014 1202 praetorum
1036 1117 1293 1201 imprudentiam
1318 1119 1402 1186 ἰιι-

150 1207 379 1292 osoitiamque
411 1207 489 1272 belli
522 1207 712 1289 periturum.
762 1206 829 1271 Lex
862 1211 932 1272 erat
963 1205 1098 1290 Thebis,
1135 1227 1217 1292 quae
1254 1217 1399 1276 morte

121 1343 123 1347 -
185 1297 365 1380 multabat,
397 1296 424 1361 si
457 1296 530 1379 quis
563 1295 734 1379 imperium
769 1296 889 1360 diutius
921 1295 1121 1378 retinuisset,
1158 1317 1257 1379 quam
1292 1297 1382 1382 leg-e

184 1385 390 1467 praefinitum
417 1383 510 1449 foret.
555 1383 649 1449 Hauc
672 1383 916 1468 Epaminondas
944 1406 1017 1449 cum
1039 1384 1086 1448 rei
1113 1384 1262 1467 publicae
1289 1407 1370 1451 con-

185 1472 361 1537 servandae
379 1493 478 1537 causa
495 1473 596 1536 latam
612 1473 744 1554 videret,
763 1473 803 1537 ad
817 1473 992 1556 perniciem
1012 1472 1154 1538 civitatis
1172 1473 1317 1538 conferri
1324 1472 1361 1560 ¹⁹)

184 1561 303 1626 noluit:
327 1564 480 1645 quattuor
503 1561 669 1625 mensibus
694 1561 824 1643 diutius,
848 1583 945 1647 quam
964 1562 1105 1645 populus
1128 1563 1279 1646 iusserat,
1303 1563 1357 1627 im·

152 1654 580 1824 ,penupssqesqustqum
604 1739 735 1803 domum
764 1738 903 1803 reditum
934 1742 996 1820 est,
1027 1738 1169 1823 collegae
1198 1739 1268 1803 eius
1300 1738 1356 1804 hoe

186 1827 320 1892 crimine
339 1829 584 1893 accusabantur.
622 1826 746 1904 Quibus
769 1827 826 1891 ille
844 1826 999 1911 permisit,
1022 1830 1058 1890 ut
1078 1847 1208 1892 omnem
1228 1848 1356 1893 oausam

186 1916 221 1979 in
244 1938 278 1980 se
301 1916 516 1981 transferrent
543 1937 665 1998 suaque
693 1937 792 2000 opera
818 1915 940 1980 factum
964 1915 1210 1999 contenderent,
1232 1917 1271 1980 ut
1295 1915 1358 2000 lagi

185 2024 253 2068 non
281 2003 478 2069 oboedirent.
523 2002 595 2079 Qua
624 2003 808 2069 defensione
835 2004 901 2068 illis
924 2004 1066 2088 periculo
1094 2004 1240 2069 liberatis
1264 2025 1356 2069 nemo

186 2090 449 2175 Epaminondam
473 2113 704 2176 responsurum
728 2093 877 2177 putabat,
905 2092 1003 2177 quod,
1026 2092 1103 2176 quid
1130 2093 1265 2176 diceret,
1293 2114 1359 2158 nou

150 2179 329 2244 aheberet.
375 2178 422 2244 At
443 2181 498 2245 ille
516 2181 552 2244 in
575 2180 730 2246 iudicium
753 2181 850 2263 venit,
872 2180 955 2246 nihil
978 2203 1089 2247 eorum
1111 2183 1254 2265 negavit,
1277 2203 1359 2266 quae

185 2269 360 2334 adversarii
387 2269 514 2335 crimini
543 2269 676 2348 dabant,
706 2269 890 2353 omniaque,
919 2291 1002 2354 quae
1030 2271 1174 2355 collegae
1201 2270 1360 2353 diamant,

185 2357 352 2423 coufessus
375 2380 442 2424 nou
465 2358 628 2424 recusavit
650 2380 713 2443 quo
736 2358 844 2422 miuus
871 2359 954 2442 legis
980 2380 1119 2442 poenam
1142 2357 1282 2442 subiret,
1305 2358 1359 2424 sed

149 2461 165 2510 3
185 2468 285 2512 unum
309 2447 350 2511 ab
373 2448 414 2511 iis
437 2447 569 2530 petivit,
592 2449 684 2512 utin
709 2447 855 2532 sepulcro
881 2469 938 2510 suo
962 2446 1188 2512 inscriberent:
1217 2445 1360 2531 ‘Epami-

185 2536 309 2601 nondas
334 2558 352 2600 a
375 2534 541 2601 Thebanis
564 2539 669 2601 morte
693 2536 850 2600 multatus
873 2539 932 2617 est,
954 2535 1040 2619 quod
1063 2557 1118 2601 eos
1141 2535 1250 2620 coegit
1273 2536 1358 2620 apud

185 2622 324 2688 Leuctra
346 2645 497 2709 superare
515 2623 797 2707 Lacedaemonios,
820 2645 900 2707 quos
921 2628 996 2689 aute
1018 2624 1109 2688 illum
1128 2624 1357 2707 imperatorem

148 2727 166 2775 4
185 2732 280 2777 nemo
304 2711 504 2776 Boeotorum
532 2734 630 2777 ausus
658 2713 766 2776 fuerat
788 2711 932 2796 aspicere
955 2713 990 2775 in
1014 2711 1095 2796 acie,
1120 2712 1270 2796 quodque
1294 2734 1357 2778 uno

183 2801 307 2883 proelio
330 2821 399 2865 non
422 2800 529 2865 solum
547 2800 675 2865 Thebas
700 2800 740 2864 ab
764 2801 897 2864 interitu
919 2801 1065 2884 retraxit,
1087 2801 1143 2865 sed
1166 2801 1266 2865 etiam
1290 2801 1357 2866 uni·

185 2910 312 2953 versam
336 2887 506 2952 Graeciam
529 2888 564 2952 in
586 2889 770 2953 libertatem
793 2889 971 2954 vindicavit
997 2910 1099 2974 eoque
1121 2911 1173 2954 res
1196 2894 1357 2955 utrorum·

183 2998 244 3060 que
268 2975 426 3060 perduxit,
449 2980 487 3041 ut
509 2976 655 3041 Thebani
675 2973 824 3059 Spartam
850 2981 1090 3062 oppugnarent,
1113 2977 1358 3045 Lacedaemonii

182 3065 263 3130 satis
292 3065 464 3147 haberent,
493 3066 521 3131 si
546 3065 629 3130 salvi
652 3086 722 3129 esse
745 3069 892 3149 possent,
919 3088 1023 3151 neque
1046 3066 1137 3152 prius
1161 3067 1285 3132 bellare
1308 3068 1356 3132 de·

146 3169 163 3218 o
183 3155 277 3239 stitit,
300 3177 398 3241 quam
422 3153 570 3220 Messene
593 3153 746 3219 restituta
769 3177 846 3238 opes
871 3175 981 3220 eorum
1005 3153 1125 3241 fregit?
1170 3153 1262 3221 Haec
1281 3152 1371 3221 cum

180 3242 324 3328 dixisset,
345 3244 431 3308 risus
455 3244 600 3309 omnium
624 3265 697 3308 cum
719 3243 885 3308 hilaritate
908 3249 1037 3310 coortus
1061 3247 1119 3327 est,
1142 3265 1246 3329 neque
1270 3245 1354 3328 quis-

182 3353 279 3415 quam
306 3332 402 3397 iudex
430 3355 527 3398 ausus
557 3336 607 3397 est
634 3332 673 3396 de
697 3331 841 3397 ecferre
873 3333 1072 3419 suffragium.
1117 3331 1170 3399 Sic
1193 3354 1213 3396 a
1236 3333 1355 3398 iudicio

182 3422 297 3503 eapitis
321 3422 463 3485 maxima
487 3421 636 3487 discessit
660 3419 773 3506 gloria.

147 3525 162 3572 1
208 3562 209 3566 ,
270 3508 326 3574 ΙΧ.
354 3509 509 3573 Extremo
528 3512 675 3594 temporo
693 3511 872 3593 imperator
891 3510 976 3593 apud
995 3509 1196 3574 Mantineam
1219 3513 1262 3591 [a.
1277 3511 1354 3592 362]

180 3618 254 3661 oum
282 3597 349 3662 acie
377 3597 539 3662 instructa
567 3597 719 3664 audacius
743 3598 880 3662 instaret
903 3598 1067 3682 hostibus,
1091 3599 1241 3683 cognitus
1263 3604 1355 3665 esta

179 3752 365 3809 Btotarchen.
401 3753 546 3807 Nunmehr
563 3751 671 3820 wurde,
692 3771 741 3807 um
795 3752 871 3808 ciues
888 3752 1079 3821 Bbotarchen‚
1098 3755 1156 3808 und
1173 3771 1232 3808 nun
1250 3755 1354 3825 gelang

180 3822 331 3893 Pelopidas
344 3822 545 3878 undIsmenias
559 3821 739 3891 zubefreien,
793 3822 854 3878 ihm
886 3824 930 3879 die
961 3824 1114 3894 Betreiung
1142 3826 1222 3895 jener
1255 3825 1355 3881 beiden

179 3893 225 3949 die
248 3912 304 3951 von
320 3893 479 3950 Alexander
500 3912 557 3951 ron
575 3893 668 3948 Phert.
693 3910 739 3963 ge·
794 3895 920 3950 Mtuner.

179 3965 743 4089 ²¹¹⁸
794 4001 866 4127 ,p
1025 3999 1356 4072 r

179 4108 315 4164 welchem
330 4109 379 4164 das
388 4109 463 4164 Heer
476 4109 505 4163 in
520 4125 587 4177 arge
597 4108 741 4176 Bedrang-
871 4089 901 4127 ’θ
920 4072 1074 4142 pmeberel

178 4181 222 4234 nis
248 4180 323 4236 kam
364 4179 417 4234 Die
439 4179 566 4248 Rettung
593 4177 741 4234 desselben
834 4179 867 4246 ¹⁹)
887 4179 967 4233 Auch
986 4177 1083 4233 hieran
1101 4179 1203 4248 gehbrt
1220 4179 1297 4234 hanc
1316 4180 1354 4233 als

180 4249 267 4307 durch
287 4251 385 4322 Epam.
413 4251 529 4306 brachte
558 4251 654 4304 diesen
681 4250 741 4304 turs
797 4248 926 4319 Subjelrt,
952 4249 1013 4304 also
1033 4250 1085 4317 „iu
1103 4249 1291 4320 huweuduug
1309 4267 1354 4321 ge·

179 4319 310 4391 folgende
331 4323 401 4377 Jahr
423 4321 527 4378 wieder
549 4321 578 4375 in
602 4320 651 4376 das
675 4321 743 4375 Amt
795 4321 897 4376 bracht
915 4319 1026 4375 sehen“.
