2812 4786
146 204 188 269 88
596 200 758 258 ATTICUS.
783 208 869 258 6-8.

145 371 213 431 tam
237 367 347 432 effusis
371 366 512 431 ambitus
532 365 763 450 largitionibus
787 385 890 449 neque
910 365 979 450 geri
1002 386 1073 428 ere
1096 365 1227 449 publica
1252 367 1322 433 sine

111 455 288 539 epericulo
321 456 482 537 corruptis
519 453 661 520 civitatis
698 454 851 520 moribus.
901 453 952 517 Ad
988 453 1116 518 hastam
1153 455 1321 538 publicam

147 566 325 629 numquam
348 541 545 627 accessit¹⁸),
574 564 676 626 neque
700 544 796 607 ullius
820 542 867 606 rei
891 545 948 608 aut
969 563 1063 626 praes
1088 546 1145 606 aut
1167 565 1322 631 manceps

145 631 252 696 factus
280 637 337 697 est.
383 629 555 696 Neminem
586 652 690 716 neque
724 652 783 696 suo
815 631 946 696 nomine
977 651 1081 714 neque
1112 632 1321 700 subscribens

110 737 128 784 4
147 721 326 785 accusavit:
344 721 378 785 in
397 721 448 785 ius
468 720 507 785 de
526 742 586 784 sua
604 741 638 783 re
657 741 833 802 numquam
852 719 922 784 ivit.
954 717 1133 783 Multorum
1150 723 1322 788 consulum

147 812 398 893 praetorumque
421 805 687 894 praefecturasffl)
716 808 840 873 delatas
864 809 909 872 sic
934 809 1072 890 accepit,
1097 812 1135 873 ut
1157 811 1321 876 neminem

147 895 183 960 in
205 897 406 980 provinciam
437 899 480 963 sit
503 902 646 980 secutus,
676 901 773 980 atque
796 897 921 961 honore
942 896 1042 960 fuerit
1065 900 1251 981 contentus,
1275 902 1323 965 r'ei

147 985 319 1051 familiaris
339 986 524 1070 despexerit
541 988 695 1050 fructum:
719 986 773 1069 qui
795 1007 836 1049 ne
860 1006 932 1050 cum
952 984 988 1060 Q.
1007 984 1137 1068 quidem
1157 984 1322 1072 Cicerone,

148 1095 220 1138 cum
245 1075 329 1159 apud
353 1097 426 1140 eum
449 1075 550 1159 legati
574 1075 680 1139 locum
705 1074 850 1139 obtinere
869 1078 989 1158 posset,
1011 1075 1045 1137 in
1066 1074 1181 1139 Asiam
1201 1077 1245 1156 [a.
1263 1077 1321 1159 61]

146 1162 194 1227 ire
222 1164 368 1228 voluerit.
413 1161 489 1228 Non
517 1163 602 1227 enim
631 1162 742 1227 decere
770 1184 804 1226 se
827 1161 1061 1246 arbitrabatur,
1090 1184 1163 1226 cum
1191 1170 1285 1246 praet
1309 1205 1321 1214 ·

113 1267 129 1315 5
148 1273 219 1315 ram
243 1272 354 1335 gerere
376 1251 545 1334 noluisset,
568 1251 726 1316 asseclam
750 1272 820 1315 esse
843 1251 1015 1335 praetoris.
1053 1249 1123 1326 Qua
1141 1251 1177 1316 in
1200 1273 1320 1319 re·non

148 1340 254 1405 solum
278 1341 429 1424 dignitati
453 1341 624 1422 serviebat,
647 1339 703 1403 sed
726 1340 825 1404 etiam
849 1340 1094 1424 tranquillitati,
1118 1362 1191 1404 cum
1213 1344 1320 1425 suspi-

146 1429 254 1492 ciones
270 1450 397 1512 quoque
412 1429 532 1492 ritaret
551 1428 729 1494 criminum.
762 1428 832 1504 Quo
847 1427 946 1492 fiebat
964 1432 1000 1491 ut
1014 1427 1083 1492 eius
1103 1429 1321 1515 observantia,

147 1538 244 1599 quam
268 1516 390 1598 officio,
418 1539 485 1581 non
508 1517 619 1582 timori
641 1538 745 1602 neque
769 1516 839 1600 spei
861 1517 961 1580 tribui
984 1517 1143 1596 riderent,
1169 1519 1320 1584 omnibus

146 1608 232 1670 esset
255 1605 368 1669 carior.

112 1709 127 1756 1
235 1693 308 1760 VII.
331 1693 451 1760 Incidit
463 1695 585 1758 bellum
605 1694 699 1758 civile
714 1692 954 1758 Caesarianum.
985 1691 1066 1758 Oum
1086 1715 1188 1758 annos
1210 1697 1252 1775 [a.
1262 1696 1319 1777 49]

146 1781 283 1848 haberet
309 1784 436 1848 circiter
464 1784 650 1868 sexaginta,
683 1804 760 1846 usus
788 1785 839 1846 est
871 1782 986 1846 aetatis
1014 1783 1184 1847 vacatione
1215 1805 1321 1868 neque

148 1893 311 1955 quoquam
345 1894 380 1936 se
408 1872 510 1936 morit
540 1893 579 1935 cx
611 1871 698 1936 urbe.
744 1869 946 1954 Quamquam
980 1871 1092 1934 amicis
1124 1893 1206 1956 quae
1240 1895 1322 1957 opus

146 1959 277 2024 fuerant
305 1959 346 2023 ad
369 1959 559 2042 Pompeium
581 1959 869 2044 proficiscentibus,
893 1960 1003 2022 omnia
1026 1980 1063 2022 ex
1088 1981 1147 2023 sua
1169 1982 1205 2024 re
1228 1960 1321 2026 fami·

111 2047 221 2111 alieri
245 2045 388 2134 dedit²⁰).
433 2046 544 2130 Ipsum
563 2046 754 2130 Pompeium
776 2069 842 2110 non
866 2045 1064 2132 offendit²¹):
1086 2049 1214 2112 nullum
1234 2051 1319 2114 enim

148 2136 189 2200 ab
210 2157 247 2199 eo
266 2135 410 2199 habebat
428 2140 662 2219 ornamentum,
681 2139 718 2198 ut
737 2136 845 2218 ceteri,
863 2135 919 2219 qui
933 2157 990 2218 per
1014 2157 1087 2200 eum
1106 2140 1164 2201 aut
1180 2137 1322 2204 honores

148 2228 205 2289 aut
228 2224 356 2289 divitias
385 2228 551 2308 ceperant:
584 2246 720 2309 quorum
742 2224 863 2306 partim
890 2224 1078 2288 invitissimi
1106 2228 1215 2290 castra
1244 2232 1323 2291 sunt

149 2314 260 2392 secuti,
282 2313 404 2397 partim
429 2334 556 2377 summa
583 2335 656 2378 cum
679 2312 748 2376 eius
778 2311 954 2377 offensione
978 2313 1065 2377 domi
1087 2323 1322 2381 remanserunt.

113 2401 282 2467 30aesari
310 2424 386 2467 vero
414 2401 517 2466 Attici
545 2403 636 2487 quies
668 2405 762 2465 tanto
791 2422 888 2484 opere
916 2401 978 2465 fuit
1006 2405 1114 2485 grata,
1142 2407 1178 2466 ut
1200 2405 1243 2484 [a.
1260 2404 1321 2485 47]

148 2491 262 2574 victor,
287 2513 359 2556 cum
384 2489 522 2575 privatis
545 2489 698 2575 pecunias
717 2511 774 2573 per
798 2490 952 2572 epistulas
975 2490 1160 2573 imperaret,
1183 2492 1231 2555 illi
1255 2513 1323 2556 non

149 2580 254 2644 solum
277 2579 436 2644 molestus
459 2600 527 2643 non
550 2583 645 2664 esset,
667 2578 724 2642 sed
748 2577 847 2642 etiam
871 2579 990 2642 sororis
1009 2579 1112 2642 filium
1132 2583 1165 2643 et
1185 2578 1321 2656 adice-

153 2689 267 2733 ronem
287 2665 533 2753 concederet22).
575 2666 650 2732 Mox
671 2666 782 2731 eodem
800 2670 908 2731 vetere
930 2667 1083 2732 instituto
1102 2668 1195 2733 vitae·
1208 2668 1324 2752 effugit

146 2778 232 2820 nova
255 2756 407 2840 pericula.

113 2861 128 2908 1
239 2842 332 2908 VIII.
360 2843 494 2907 Etenim
515 2844 620 2908 occiso
636 2842 784 2928 Caesare,
799 2866 869 2908 cum
885 2864 936 2907 res
951 2844 1083 2927 publica
1095 2866 1193 2928 penes
1210 2847 1252 2925 [a.
1262 2846 1322 2927 44]

149 2927 319 3017 Brut0s²³)
343 2930 505 2994 videretur
529 2951 599 2993 esse
623 2935 656 2994 et
678 2929 827 2996 Cassium
851 2954 889 2996 ac
911 2935 982 2996 tota
1005 2933 1120 2997 civitas
1143 2954 1178 2997 se
1201 2934 1242 2997 ad
1266 2955 1323 2999 eos

114 3036 130 3085 2
151 3020 360 3103 convertisse,
385 3019 430 3082 sic
449 3018 492 3084 M.
507 3018 610 3082 Bruto
630 3041 707 3083 usus
727 3027 785 3101 est,
803 3025 840 3083 ut
858 3042 930 3085 cum
949 3021 1039 3085 nullo
1058 3021 1115 3085 ille
1132 3021 1324 3087 adulescens

148 3109 276 3195 aequali
303 3108 497 3196 familiarius
524 3129 622 3192 quam
652 3130 725 3173 cum
755 3110 817 3173 hoc
846 3130 920 3173 sene
948 3113 1046 3192 esset,
1075 3129 1177 3193 neque
1209 3109 1322 3174 solum

112 3215 128 3263 3
151 3199 330 3284 principem
350 3219 423 3262 eum
441 3196 569 3262 consilii
586 3196 731 3280 haberet,
751 3197 806 3261 sed
825 3197 924 3261 etiam
942 3198 976 3261 in
995 3197 1151 3263 convictu.
1182 3195 1324 3283 Excogi-

147 3292 252 3352 tatum
278 3292 329 3352 est
352 3309 371 3350 a
395 3285 604 3369 quibusdam,
628 3289 664 3349 ut
687 3287 850 3370 privatum
874 3286 1034 3351 aerarium
1058 3285 1323 3351 interfectoribus

149 3374 297 3440 Caesaris
317 3377 357 3439 ab
374 3375 537 3457 equitibus
552 3373 708 3439 Romanis
723 3374 982 3439 const'tueretur.
1005 3373 1121 3459 Itaque
1136 3374 1322 3458 appellatus

151 3469 202 3528 est
220 3487 239 3527 a
253 3461 289 3529 0.
304 3463 426 3545 Flavio,
441 3463 536 3528 Bruti
549 3461 713 3548 familiari,
727 3461 867 3545 Atticus,
883 3465 920 3527 ut
934 3464 1089 3547 pecuniae
1108 3463 1323 3528 conferendae

112 3553 300 3637 4prinoeps
333 3572 402 3614 esse
433 3552 539 3615 vellet.
584 3551 630 3615 At
658 3551 726 3635 ille,
756 3552 811 3636 qui
842 3551 950 3616 officia
982 3551 1094 3616 amicis
1127 3552 1325 3634 praestanda

150 3641 220 3705 sine
256 3640 399 3703 factione
436 3639 637 3704 existimaret
673 3661 861 3723 semperque
898 3662 918 3704 a
948 3640 1070 3704 talibus
1107 3661 1141 3704 se
1177 3640 1324 3705 consiliis

150 3727 355 3811 removisset,
387 3727 572 3811 respondit:
610 3729 637 3792 si
670 3729 745 3812 quid
777 3727 898 3792 Brutus
931 3729 999 3792 suis
1030 3727 1242 3792 facultatibus
1274 3728 1326 3792 uti

151 3817 321 3899 voluisset,
354 3835 502 3897 usurum,
536 3820 693 3899 quantum
731 3838 787 3880 eae
814 3821 1017 3900 paterentur:
1050 3838 1085 3881 se
1115 3837 1220 3900 neque
1249 3838 1324 3882 cum

151 3927 313 3990 quoquam
347 3903 386 3967 de
418 3925 457 3968 ea
487 3925 522 3967 re
554 3904 789 3970 collocuturum
820 3927 924 3989 neque
957 3905 1126 3971 coiturum.
1181 3903 1235 3969 Sic
1267 3905 1325 3969 ille

187 4080 219 4150 18)
237 4078 291 4133 Um
311 4077 356 4133 die
370 4079 445 4134 bona
457 4078 603 4148 publicata
616 4097 648 4131 zu
666 4096 708 4132 er·
799 4079 834 4149 ²¹)
852 4078 998 4162 Dadurch,
1022 4077 1083 4134 dass
1107 4094 1137 4132 er
1160 4077 1219 4132 ihm
1244 4078 1329 4133 nicht

147 4150 450 4327 eteiissndffiziffitessen
762 4150 835 4288 mliii
852 4148 1199 4288 {liidiedldriddddiifftiim
1213 4219 1327 4290 jeman-

452 4297 459 4312 ·
761 4291 811 4345 des
829 4291 923 4344 willen
941 4291 1126 4362 begnadigen.

185 4362 222 4431 ²⁰)
239 4363 374 4418 Meistens
393 4360 490 4432 gewils
509 4360 659 4416 leihweise.
797 4361 832 4432 ¹⁰)
850 4360 960 4416 Marcus
978 4363 1035 4416 und
1053 4362 1193 4418 Decimus.
