2812 4786
128 123 171 189 36
609 120 643 176 x.
671 119 768 175 mou.
792 128 817 176 a.

129 287 269 352 nesciret
292 289 325 350 et
343 307 498 369 quorsum
517 285 690 350 evaderent
709 283 846 368 timeret,
869 280 1037 367 Collippus
1056 282 1199 367 quidam,
1224 281 1303 346 civis
1338 294 1339 299 ’

130 374 353 456 Atheniensis,
384 375 440 458 qui
470 373 565 438 simul
595 395 668 438 cum
698 395 736 439 eo
768 394 807 437 ex
836 372 1057 457 Peloponneso
1089 373 1124 436 in
1155 369 1303 436 Siciliam

130 468 278 548 venerat,
305 463 401 528 homo
426 465 459 527 et
481 463 616 528 callidus
639 467 672 527 et
695 461 735 526 ad
758 462 905 526 fraudem
925 457 1109 548 ‚acutus²⁶),
1137 462 1210 525 sine
1237 460 1303 524 ulla

94 571 110 620 2
130 554 286 637 religione
301 572 337 616 ac
355 551 426 635 fide,
441 551 510 616 adit
528 553 568 617 ad
582 551 722 617 Dionem
741 555 775 616 et
794 551 854 615 ait:
878 572 951 615 eum
969 571 1089 635 magno
1107 550 1255 634 periculo
1262 545 1300 635 27)

129 663 200 707 esse
223 645 357 724 propter
375 641 586 706 offensionem
609 641 723 724 populi
741 644 774 705 et
792 639 901 705 odium
926 638 1078 722 militum,
1100 638 1184 724 quod
1209 638 1300 703 nullo

129 729 225 795 modo
250 730 371 794 evitare
398 734 522 813 posset,
544 729 610 795 nisi
633 729 732 795 alicui
761 750 893 794 suorum
924 729 1092 813 negotium
1117 728 1224 810 dmet,
1248 727 1301 812 qui

130 841 164 884 se
187 819 354 884 simularet
375 818 426 883 illi
448 819 622 885 inimicum.
655 817 757 893 Quem
777 819 804 882 si
823 818 1002 882 invenisset
1020 817 1184 901 idoneum,
1208 816 1301 881 facile

130 908 275 972 omnium
298 907 425 973 animos
449 907 655 993 cogniturum
679 907 944 990 adversariosque
968 906 1189 984 sublaturum,
1216 903 1301 989 quod

94 995 252 1062 sinimici
280 996 364 1060 idem
393 997 546 1061 sentienti
575 1018 650 1061 suos
679 1017 791 1061 sensus
819 996 964 1078 aperturi
994 994 1110 1059 forent.
1156 992 1301 1060 Consilio

131 1086 267 1169 probato
291 1085 412 1169 excipit
434 1085 495 1150 has
518 1088 627 1169 partes
650 1085 720 1171 ipse
744 1084 911 1167 Callippus
936 1088 1025 1148 etse
1049 1086 1155 1148 armat
1182 1084 1304 1168 impru-

130 1175 240 1239 dentia
269 1173 394 1239 Dionis.
438 1173 589 1259 Namque
621 1173 662 1237 ad
691 1195 764 1238 eum
795 1172 1055 1238 interficiundum
1088 1172 1194 1237 socios
1228 1193 1303 1237 con·

94 1281 112 1328 4
131 1264 239 1348 quirit,
263 1262 464 1327 adversarios
484 1264 552 1328 eius
572 1263 731 1348 convenit,
749 1263 1004 1328 coniurationem
1023 1261 1205 1326 confirmat.
1238 1260 1304 1325 Res

131 1353 244 1416 multis
263 1350 400 1415 consciis
420 1352 507 1415 elata
526 1351 668 1415 defertur
686 1351 726 1415 ad
741 1350 1000 1434 Aristomachen,
1015 1371 1160 1415 sororem
1173 1348 1307 1432 Dionis,

130 1460 325 1523 uxoremque
340 1438 472 1504 Areten.
499 1439 578 1504 Illae
592 1441 708 1505 timore
729 1440 919 1523 perterritae
940 1434 1190 1525 conveniunt²⁸),
1211 1437 1305 1503 cuius

96 1529 171 1594 ude
193 1526 336 1612 periculo
361 1529 529 1594 timebant.
575 1529 622 1594 At
644 1530 701 1594 ille
728 1533 869 1613 negata
894 1527 1045 1612 Oallippo
1067 1528 1139 1592 fieri
1166 1527 1232 1591 sibi
1253 1528 1306 1591 in·

132 1617 241 1702 sidias,
265 1617 320 1681 sed
343 1616 408 1701 illa,
432 1639 514 1702 quae
539 1622 722 1704 agerentur,
744 1617 815 1682 fieri
837 1621 1011 1702 praecepto
1035 1639 1102 1682 suo.
1148 1615 1305 1681 Mulieres

130 1706 234 1771 nihilo
267 1706 368 1771 setius
400 1704 582 1791 Callippum
618 1708 652 1771 in
683 1706 793 1772 aedem
826 1706 1039 1790 Proserpinae
1072 1705 1235 1770 deducunt
1266 1727 1308 1770 ac

131 1797 237 1861 iurare
256 1799 376 1882 cogunt
394 1795 477 1860 nihil
497 1819 516 1861 a
535 1819 569 1861 se
588 1797 721 1880 periculi
739 1795 808 1861 fore
828 1794 936 1861 Dioni.
975 1795 1045 1871 Qua
1069 1795 1124 1859 ille
1144 1794 1308 1878 religione

131 1906 197 1951 non
227 1885 323 1949 modo
353 1906 421 1948 non
451 1885 636 1969 deterritus,
665 1885 720 1949 sed
749 1886 790 1949 ad
813 1883 1042 1949 maturandum
1071 1883 1197 1948 facinus
1229 1904 1308 1948 con·

132 1973 249 2037 citatus
279 1978 340 2056 est,
368 1974 521 2056 ueprius
550 1974 720 2038 consilium
749 1973 940 2057 aperiretur,
970 1995 1067 2057 quam
1090 1975 1207 2037 conatu
1236 1993 1309 2055 per-

133 2061 271 2124 fecisset.

98 2167 112 2215 1
219 2146 275 2212 IX.
317 2146 388 2213 Hac
416 2155 523 2216 mente
549 2152 697 2235 proximo
721 2150 774 2216 dis
795 2151 893 2235 festu,
922 2172 994 2215 cum
1018 2172 1038 2214 a
1060 2172 1133 2214 con·
1166 2150 1208 2229 [a.
1224 2149 1308 2231 353]

132 2240 231 2302 ventu
255 2259 289 2301 se
312 2242 473 2304 remotum
496 2238 582 2304 Dion
606 2240 692 2304 domi
714 2243 839 2304 teneret
863 2245 959 2323 atque
987 2240 1021 2304 in
1045 2239 1189 2304 conclavi
1214 2237 1307 2304 edito

131 2327 344 2410 recubuisset,
374 2330 512 2394 consciis
545 2329 699 2393 facinoris
732 2329 804 2393 loca
836 2329 1013 2393 munitiora
1044 2327 1154 2412 oppidi
1185 2326 1308 2392 tradit:

131 2417 262 2480 domum
292 2417 479 2483 custodibus
511 2418 617 2503 saepit
646 2417 878 2483 coniurationis
908 2416 1033 2503 ignaris
1041 2413 1095 2503 ²⁹),
1126 2439 1145 2480 a
1174 2415 1305 2481 foribus

97 2505 187 2589 aqui
215 2527 282 2570 non
310 2505 488 2591 discedant,
517 2513 621 2573 certos
645 2507 684 2571 de
712 2508 779 2572 suis
807 2507 968 2591 praeficit:
999 2528 1114 2570 navem
1137 2505 1307 2570 triremem

133 2595 266 2659 armatis
286 2600 382 2661 ornat
395 2597 665 2681 Philostratoque,
683 2596 778 2661 fratri
798 2618 865 2678 suc,
883 2595 984 2660 tradit
998 2615 1132 2680 eamque
1151 2592 1185 2658 in
1205 2597 1307 2677 portu

133 2682 259 2764 agitare
285 2682 390 2768 iubet,
417 2686 506 2750 velut
534 2687 562 2749 si
591 2706 737 2750 exercere
766 2685 904 2770 remiges
928 2684 1039 2770 vellet,
1068 2684 1095 2747 si
1118 2683 1202 2746 forte
1228 2704 1307 2748 con-

133 2771 212 2834 siliis
232 2770 412 2837 obstitisset
430 2773 570 2858 fortuna,
592 2777 629 2838 ut
645 2774 790 2856 haberet,
809 2795 872 2857 que
894 2773 1023 2858 fugeret
1042 2773 1082 2837 ad
1108 2767 1308 2857 salutem³⁰).

97 2877 114 2926 3
133 2857 317 2943 ssorumffl)
337 2866 445 2925 autem
464 2884 481 2926 e
500 2884 634 2927 numero
649 2860 843 2946 Zacynthios
850 2859 890 2947 32)
910 2863 1130 2927 adulescentes
1145 2861 1308 2944 quosdam

133 2947 224 3031 eligit
251 2968 324 3012 cum
353 2950 584 3015 audacissimos
612 2956 681 3027 ‚tum
704 2951 828 3016 viribus
852 2951 1014 3028 maximis,
1036 2950 1141 3034 iisque
1165 2949 1221 3013 dat
1249 2970 1306 3013 ne·

133 3037 268 3122 gotium,
287 3037 326 3101 ad
341 3037 480 3127 Dionem
499 3043 575 3104 eant
593 3040 740 3123 inermes,
760 3039 805 3104 sic
824 3044 861 3104 ut
879 3040 1092 3105 conveniendi
1106 3039 1175 3103 eius
1195 3038 1307 3123 gratia

97 3143 115 3194 4
133 3126 316 3191 viderentur
337 3128 455 3194 venire.
502 3128 564 3205 Qui
591 3133 726 3213 propter
748 3129 899 3194 notitiam
923 3150 943 3192 a
965 3128 1151 3194 custodibus
1162 3124 1202 3212 ³³)
1226 3130 1308 3191 sunt

132 3215 320 3284 intromissi.
349 3218 395 3282 At
412 3218 461 3283 illi
479 3223 516 3282 ut
535 3217 633 3283 limen
650 3217 825 3303 intrarunt,
844 3217 968 3283 foribus
988 3217 1147 3283 obseratis
1166 3216 1199 3279 in
1218 3215 1305 3281 lecto

169 3371 205 3439 ²⁶)
225 3371 349 3429 carneus
363 3376 451 3430 umen
465 3363 576 3445 reug,
590 3379 689 3430 acuens
780 3375 813 3444 31)
836 3374 888 3428 me
908 3375 1069 3429 emamus
1091 3373 1221 3427 cussus
1251 3374 1307 3430 mss

132 3443 304 3580 thtll·
323 3534 357 3570 Ι
376 3517 431 3571 aa
453 3517 479 3569 v
504 3524 520 3572 ³
741 3447 904 3571 tlltllll
923 3443 999 3570 llll
1020 3442 1305 3570 scissurus

171 3583 205 3653 ²⁸)
226 3583 282 3640 Das
296 3556 401 3656 llbjolrt
419 3556 551 3642 aus’dein
565 3587 689 3644 Relativ-
742 3588 845 3642 nahme
882 3534 931 3641 dds
963 3586 1150 3642 Philostratus
1181 3585 1305 3643 wuisten

134 3655 211 3708 satae
235 3673 268 3708 cu
291 3663 440 3725 ergtnren,
465 3659 515 3714 wie
536 3658 586 3727 lX,
606 3666 621 3714 ὅ
641 3661 690 3714 der
742 3659 835 3712 nichts
854 3674 909 3712 von
928 3658 976 3713 der
991 3659 1222 3726 Versohwdrung.
1247 3657 1305 3714 Da-

134 3724 261 3780 Genetiv.
298 3726 408 3784 Ebenso
427 3727 490 3784 Dat.
510 3729 544 3798 V,
563 3736 586 3784 1.
742 3730 792 3782 her
811 3728 888 3784 disse
908 3729 1121 3799 Wortstellung.

171 3794 205 3864 ²⁹)
224 3794 308 3853 Diese
323 3799 424 3854 solltsn
438 3802 568 3855 nurdazu
581 3800 689 3868 dienen,
782 3835 816 3905 ῃ)
844 3836 906 3891 von
926 3836 1085 3906 Zacynthus
1103 3853 1161 3891 w
1184 3835 1229 3890 die
1248 3835 1305 3889 Ex.

134 3866 189 3992 lu
206 3866 490 4012 luculum
503 3872 691 3997 sustu
743 3906 1097 4049 pggggiggnpggfflfuiunss
1182 3907 1305 3976 ⁸³¹³⁰¹¹⁸

135 4008 315 4067 sinaulassen
340 4012 473 4083 Zugleich
487 4015 614 4069 ersohien
628 4013 690 4068 Cal-

133 4078 227 4151 lippus
253 4082 341 4138 durch
368 4085 443 4139 disse
469 4085 622 4154 Malsregcl
648 4087 690 4139 als
781 4084 815 4154 88)
834 4084 891 4139 Der
908 4086 1008 4140 Zusata
1027 4101 1044 4139 a
1062 4084 1225 4140 custodibus
1243 4102 1306 4141 war

133 4150 244 4207 Freund
263 4156 311 4209 des
330 4154 411 4210 Dion.
743 4157 835 4226 ndtig,
855 4156 944 4209 damit
967 4155 1059 4210 atilli
1082 4157 1125 4211 als
1143 4154 1305 4224 Gegensatz

172 4223 206 4293 ³⁰)
225 4226 478 4296 Vulgdrausdruck.
503 4227 567 4297 Vgl.
582 4225 638 4281 Cic.
654 4227 690 4281 ad
743 4227 872 4281 Klarheit
893 4233 1036 4297 gewdnne.
1073 4227 1153 4281 Auch
1179 4232 1194 4292 ς
1218 4233 1234 4281 6
1259 4226 1306 4282 illi

133 4293 192 4350 Att.
207 4295 255 4364 ΙΙΙ,
272 4303 317 4351 19:
337 4299 374 4352 ad
388 4299 508 4354 salutem
520 4297 689 4369 proficiscar.
743 4297 799 4367 ipsi
817 4298 946 4353 custodes
965 4297 1035 4352 wind
1055 4316 1085 4353 sc
1104 4299 1205 4354 klarer.
