2812 4786
535 185 582 242 rx.
611 183 744 248 coron,
767 194 792 242 4.
807 193 832 243 s.
1229 191 1270 255 31
1336 205 1339 212 ·

90 348 330 432 προσκύνησιν
359 349 474 414 Graeci
501 348 643 434 vocant).
689 348 762 414 Hoc
790 350 818 414 si
845 350 906 414 tibi
931 371 1029 436 grave
1053 356 1115 434 eat,
1143 375 1200 436 per
1223 375 1273 417 me

91 436 204 502 nihilo
228 439 331 502 setius
354 438 449 502 editis
473 438 634 502 mandatis
658 438 806 503 conficies
829 439 915 523 quod
938 439 1069 505 studes'.
1106 439 1189 505 Tum
1212 440 1307 508 (lo-4

92 547 168 590 non
192 524 285 590 ‘mihi
307 526 398 592 vero'
421 527 529 610 inquit
552 525 628 591 ‘non
657 531 706 591 est
733 547 832 611 grave
861 529 1008 610 quemvis
1031 528 1187 594 honorem
1215 530 1272 595 ha·

92 614 177 679 bere
198 614 283 699 regi,
306 615 363 679 sed
385 636 507 700 vercor,
528 636 570 679 ne
593 614 718 679 civitati
741 637 832 680 meae
856 618 901 680 sit
922 616 1112 702 opprobrio,
1136 619 1177 701 si,
1200 640 1273 683 cum

95 725 140 767 ex
159 724 199 767 ea
222 706 285 767 sim
308 703 482 788 profectus,
506 725 588 787 quae
607 705 723 768 ceteris
746 703 898 787 gentibus
917 705 1076 789 imperare
1100 707 1273 791 consuerit,

95 791 209 875 potius
239 792 452 857 barbarorum
481 815 577 877 quam
607 792 695 856 illius
726 813 816 857 more
845 792 985 878 fungar'.
1029 792 1159 880 Itaque,
1190 817 1273 880 quae

95 880 243 965 volebat,
266 881 388 964 scripta
411 881 441 945 ei
463 880 606 945 tradidit.

188 966 247 1034 IV.
283 968 408 1045 Quibus
436 969 574 1053 cognitis
602 991 658 1033 rex
681 972 810 1033 tantum
839 970 1036 1035 auctoritate
1063 970 1132 1035 eius
1164 962 1272 1037 n'rotus
1294 991 1308 1038 1

97 1060 159 1141 est,
183 1060 220 1121 nt
243 1062 276 1122 et
297 1055 579 1143 Tissaphernem⁸)
602 1058 729 1122 hostem
754 1058 913 1122 iudicaret
936 1063 969 1123 et
991 1057 1272 1144 Lacedaemonios,

96 1167 172 1212 cum
196 1143 347 1233 quibus⁹)
370 1147 561 1211 societatem
584 1146 639 1210 ille
667 1147 771 1210 coisse
795 1147 985 1230 putabatur,
1010 1147 1095 1212 bello
1123 1152 1272 1232 persequi

96 1232 267 1300 Cononem
290 1235 416 1299 iuberet
432 1235 524 1318 eique
547 1235 752 1319 permitteret
770 1257 866 1320 quem
889 1236 988 1300 vellet
1011 1236 1129 1318 eligere
1149 1236 1191 1301 ad
1209 1237 1271 1300 dis·

95 1322 299 1406 pensandam
327 1324 506 1407 pecuniam.
551 1323 589 1386 Id
617 1323 791 1388 arbitrium
819 1320 935 1389 Conon
962 1324 1096 1408 negarit
1124 1325 1174 1390 sui
1201 1346 1271 1389 esse

96 1411 236 1494 consilii,
260 1411 315 1475 sed
338 1412 452 1495 ipsius,
475 1413 530 1495 qui
549 1412 670 1496 optime
689 1434 764 1476 suos
783 1434 880 1477 nosse
899 1413 1039 1497 deberet,
1062 1413 1118 1477 sed
1137 1413 1271 1478 euadere

95 1520 167 1564 sese
196 1499 410 1565 Pharnabazo
438 1501 471 1564 id
497 1502 623 1586 negotii
652 1500 751 1566 daret.
797 1500 927 1585 Magnis
954 1501 1055 1585 igitur
1083 1502 1305 1567 muneribusa

97 1588 241 1654 donatus
264 1589 305 1652 ad
324 1610 413 1652 mare
432 1594 482 1654 est
500 1591 628 1673 missua,
651 1594 688 1653 ut
707 1589 803 1653 classi
826 1594 1000 1673 praeesset,
1024 1590 1101 1654 dato
1122 1591 1269 1655 adiutore

95 1674 326 1761 Pharnabazo,
358 1678 444 1743 sicut
473 1678 543 1761 ipse
576 1680 732 1742 voluerat.
778 1675 815 1740 Id
847 1681 884 1741 ut
920 1677 1184 1743 Lacedaemoniis
1222 1683 1305 1744 esta

95 1765 296 1844 nuntiatum,
314 1787 382 1830 non
401 1767 471 1830 sine
490 1788 568 1831 cura
586 1787 655 1831 rem
670 1765 908 1849 administrant,
923 1765 1009 1849 quod
1027 1767 1132 1830 maius
1149 1767 1270 1830 bellum

93 1853 266 1918 imminere
298 1855 550 1919 arbitrabantur.
595 1854 682 1919 Nam
714 1853 828 1918 ducem
860 1854 978 1918 fortem
1011 1858 1043 1919 et
1079 1854 1270 1938 prudentem

93 1942 197 2026 regiis
221 1941 337 2026 opibus
359 1943 583 2028 praefuturum
602 1965 639 2008 ac
658 1964 768 2007 secum
787 1943 1024 2026 dimicaturum,
1047 1964 1142 2026 quem
1164 1964 1270 2027 neque

94 2029 235 2095 consilio
262 2052 366 2114 neque
391 2032 491 2116 copiis
520 2053 671 2115 superare
694 2035 837 2116 possent.
884 2031 953 2096 Hac
983 2036 1091 2096 mente
1115 2047 1306 2116 magname

93 2117 296 2184 contrahunt
327 2117 525 2208 classem¹⁰):
556 2120 805 2205 proficiscuntur
838 2119 996 2185 Pisandro
1033 2120 1121 2184 duce.
1168 2119 1268 2196 Quem

93 2205 213 2273 Conon
243 2208 328 2292 apud
359 2206 497 2273 Cnidum
527 2209 659 2274 adortus
690 2231 810 2295 magno
840 2209 963 2291 proelio
992 2209 1098 2292 fugat,
1128 2211 1169 2289 [a.
1189 2209 1268 2290 394]

91 2295 217 2360 multas
250 2318 349 2360 naves
382 2298 481 2381 capit,
515 2299 694 2381 complures
727 2297 887 2381 deprimit
934 2295 1004 2372 Qua
1034 2298 1171 2361 victoria
1203 2319 1270 2361 non

93 2385 203 2450 solum
227 2383 261 2446 in
280 2384 359 2448 Asia
383 2384 506 2470 Graeci,
529 2387 584 2450 sed
609 2387 706 2450 etiam
726 2407 838 2451 omnes
861 2385 996 2468 insulae,
1020 2406 1101 2469 quae
1125 2385 1184 2449 sub
1208 2384 1269 2449 La-

92 2472 378 2539 cedaemoniorum
401 2474 530 2539 fuerant
553 2475 698 2558 imperio,
720 2474 879 2537 liberatae
903 2477 987 2538 sunt.
1024 2472 1149 2548 Quibus
1172 2474 1304 2537 rebuso

93 2561 201 2646 gestis
220 2559 335 2627 conon
354 2584 426 2627 cum
449 2566 541 2646 parte
564 2563 696 2627 navium
718 2562 753 2625 in
775 2563 915 2644 patriam
934 2561 1032 2645 venit,
1054 2583 1164 2626 muros
1184 2561 1270 2626 diru-

92 2656 148 2714 tos
178 2671 198 2713 a
224 2649 392 2734 Lysandro
420 2654 590 2735 utrosque,
620 2654 654 2714 et
676 2650 800 2716 Piraeei
827 2653 861 2714 et
883 2649 1100 2732 Athenarum,
1129 2652 1170 2731 [a.
1190 2650 1269 2731 393]

92 2737 287 2803 reficiendos
307 2743 398 2804 curat
416 2739 634 2825 pecuniaeque
649 2739 689 2803 ad
704 2761 776 2803 eam
793 2760 864 2803 rem
880 2739 1118 2824 quinquaginta
1136 2740 1270 2823 talenta,

94 2847 181 2910 quae
213 2849 233 2890 a
259 2826 471 2912 Pharnabazo
502 2831 678 2913 acceperat,
707 2828 832 2892 civibus
861 2828 928 2891 suis
957 2827 1064 2892 donat.
1110 2826 1197 2903 Quas
1228 2828 1270 2893 ob

93 2936 211 2980 causae
234 2916 428 3001 praecipuus
447 2917 477 2981 ei
494 2918 600 2983 honos
620 2917 751 2980 habitus
770 2919 832 2981 est:
856 2938 996 3000 namque
1016 2917 1167 2981 omnibus
1186 2938 1269 2981 unus

92 3003 211 3068 insulis
234 3005 383 3087 praefuit.

184 3090 225 3157 V.
250 3090 312 3156 Sed
330 3093 447 3159 accidit
465 3094 549 3177 huic,
569 3095 656 3179 quod
675 3094 789 3160 ceteris
809 3093 1013 3174 mortalibus,
1032 3096 1069 3156 ut
1086 3091 1265 3156 inconside-
1286 3109 1301 3157 1

92 3180 200 3246 ratior
223 3179 257 3244 in
280 3181 420 3247 secunda
443 3205 540 3267 quam
562 3184 597 3247 in
620 3184 756 3248 adversa
774 3187 860 3247 esset
883 3182 1023 3245 fortuna.
1054 3177 1140 3243 Nam
1164 3180 1267 3243 classe

92 3267 408 3352 Peloponnesiorum
435 3271 577 3355 devicta,
605 3293 678 3337 cum
705 3271 811 3335 ultum
835 3291 869 3334 se
896 3268 1031 3332 iniurias
1058 3267 1183 3350 patriae
1209 3289 1267 3350 pu-

91 3360 194 3439 taret,
225 3357 320 3441 plura
348 3360 534 3442 concupivit
566 3381 663 3442 quam
690 3359 818 3424 efficere
849 3357 965 3440 potuit.
1012 3354 1125 3440 Neque
1158 3360 1303 3422 tamena

93 3467 133 3510 ea
160 3466 229 3510 non
260 3446 315 3529 pia
343 3451 376 3510 et
407 3447 574 3531 probanda
605 3448 753 3531 fuerunt,
781 3446 866 3531 quod
894 3445 1003 3529 potius
1036 3444 1162 3527 patriae
1191 3466 1268 3529 opes

93 3534 208 3618 augeri
236 3555 332 3617 quam
360 3537 447 3621 regis
475 3537 599 3601 maluit.
644 3535 730 3602 Nam
758 3557 830 3600 cum
856 3555 1011 3620 magnam
1039 3534 1269 3599 auctoritatem

94 3623 159 3688 sibi
181 3642 293 3707 pugna
315 3623 373 3688 illa
394 3625 514 3704 navali,
537 3647 634 3708 quam
658 3624 743 3708 apud
757 3622 896 3690 Cnidum
919 3623 1050 3706 fecerat,
1071 3644 1140 3688 non
1163 3623 1268 3687 solum

94 3711 180 3775 inter
202 3711 375 3795 barbaros,
398 3713 454 3776 sed
477 3714 576 3777 etiam
600 3713 686 3797 apud
710 3734 820 3777 omnes
845 3711 999 3776 Graeciae
1023 3711 1172 3775 civitates
1196 3732 1269 3776 con·

95 3798 270 3878 stituisset,
294 3801 377 3865 clam
400 3801 476 3865 dare
499 3823 632 3886 operam
657 3801 776 3886 coepit,
797 3804 836 3864 ut
858 3821 970 3864 omnes
995 3799 1140 3864 civitates
1172 3798 1267 3862 mari·

93 3887 192 3952 timas
211 3889 398 3953 restitueret
416 3887 681 3955 Atheniensibus.
712 3887 751 3953 Id
770 3910 843 3954 cum
862 3887 969 3952 minus
989 3888 1162 3971 diligenter
1181 3889 1302 3951 assata

131 4061 153 4129 8)
176 4059 258 4115 Mehr
275 4060 349 4116 noch
367 4062 484 4117 brachie
503 4079 532 4117 es
555 4063 603 4116 ihn
624 4063 654 4117 in
709 4063 773 4117 dem
791 4062 961 4130 Relativum,
981 4080 1004 4117 z.
1018 4061 1048 4113 B.
1067 4060 1139 4115 Milt
1159 4058 1185 4126 I,
1204 4064 1220 4111 2
1239 4077 1267 4114 u.

94 4130 242 4200 Ungnade,
261 4131 323 4186 dass
343 4149 373 4187 er
391 4138 442 4187 395
462 4151 509 4187 am
522 4133 653 4188 Pactolus
707 4133 803 4189 Them.
823 4131 897 4200 VIII,
916 4139 940 4189 3.

95 4201 172 4257 aeine
191 4201 316 4257 Reiterei
333 4219 390 4258 von
407 4205 555 4272 Agesilaus
574 4206 655 4258 hatte
750 4204 783 4273 ¹⁰)
802 4203 855 4258 Die
869 4202 1031 4269 Erzahlung
1049 4200 1088 4253 ist
1100 4198 1179 4254 nicht
1196 4215 1268 4268 ganz

94 4273 228 4343 schlagen
246 4274 347 4328 lassen.
709 4291 808 4343 genau.
823 4274 907 4329 Diese
917 4274 1046 4340 Rustnng
1054 4288 1102 4324 zur
1109 4269 1161 4324 See
1171 4271 1268 4324 mach·

131 4343 224 4414 ⁰)Bei
233 4342 328 4414 Nepos
338 4343 415 4400 steht
424 4362 486 4400 cum
495 4345 595 4400 immer
604 4363 655 4401 vor
708 4340 1267 4400 andienaoedamonierschonreitaer.
