2812 4786
446 185 546 241 xvru.
579 158 763 242 surianus.
787 192 811 243 r.
831 190 856 242 e.
1195 185 1238 250 67

63 348 209 433 Philippi
228 348 341 412 domus
365 369 402 412 ae
421 346 564 412 familiae
583 347 824 413 inimicissimos
844 348 977 432 stirpem
997 370 1123 433 quoqne
1142 349 1239 413 inter·

62 437 177 521 imere,
204 436 367 522 ferretque
398 458 492 520 opem
515 433 673 522 liberis¹⁴)
696 437 882 501 Alexandri.
928 435 1033 512 Quam
1056 437 1185 502 veniam
1209 438 1274 506 si4

63 525 166 610 daret,
189 547 285 609 quam
309 526 450 609 primum
474 525 634 590 exercitus
658 528 803 611 pararet,
826 547 907 610 quos
931 525 993 589 sibi
1017 525 1161 590 subsidio
1185 526 1237 591 ad-

61 615 201 680 duceret.
242 614 279 678 Id
299 635 361 699 quo
385 613 512 678 facilius
536 612 667 698 faceret,
691 635 725 678 se
749 614 898 679 omnibus
917 614 1091 699 praefectis
1110 614 1236 679 misisse

60 704 204 787 litteras,
227 706 265 767 ut
288 703 317 766 ei
340 704 491 787 parerent
514 702 645 785 eiusque
669 703 814 768 consiliis
837 706 1013 767 uterentur.
1058 701 1120 766 His
1139 703 1236 768 rebus
1256 722 1274 771 5

60 791 226 857 Eumenes
250 795 417 874 permotus
441 791 543 855 satius
567 790 667 874 duxit,
690 791 717 855 si
740 792 788 856 ita
811 792 939 856 tulisset
961 791 1108 874 fortuna,
1131 791 1236 874 perire

61 880 294 946 benemeritis
318 879 511 943 referentem
534 880 675 964 gratiam
698 902 797 965 quam
818 880 986 966 ingratum
1009 879 1125 944 vivere.

149 967 225 1034 VII.
257 967 370 1053 Itaque
398 969 509 1052 copias
537 968 714 1046 contraxit,
743 968 929 1053 bellumque
958 967 1112 1032 adversus
1141 969 1234 1033 Anti·
1257 989 1270 1037 1·

62 1078 185 1144 genum
205 1057 415 1140 comparavit.
452 1055 517 1121 Sed
540 1057 625 1141 quod
647 1078 713 1121 una
731 1067 825 1122 erant
843 1055 1035 1122 Macedones
1055 1055 1236 1142 complures

60 1146 202 1229 nobiles,
230 1147 264 1210 in
292 1146 343 1210 his
366 1144 552 1228 Peucestes,
583 1146 638 1230 qui
660 1146 806 1228 corporis
830 1149 939 1211 custos
968 1144 1076 1209 fuerat
1100 1145 1237 1210 Alexan-

61 1231 171 1320 driu),
198 1237 270 1299 tum
293 1238 402 1299 autem
426 1234 595 1298 obtinebat
616 1233 798 1319 Persidem,
821 1238 855 1298 et
876 1229 1116 1320 Antigenesffl),
1145 1235 1236 1298 cuius

60 1324 121 1389 sub
150 1323 286 1407 imperio
320 1322 466 1407 phalanx
495 1327 566 1387 erat
593 1320 822 1407 Macedonum,
853 1322 1009 1388 invidiam
1039 1323 1174 1407 veritus,
1207 1323 1236 1386 si

59 1413 170 1497 potius
194 1413 263 1495 ipse
287 1411 471 1496 alienigena
494 1433 620 1475 summa
642 1411 773 1494 imperii
795 1411 972 1496 potiretur,
996 1432 1094 1494 quam
1117 1411 1235 1495 aliquis

59 1499 294 1584 Macedonum,
328 1500 363 1564 in
399 1499 568 1583 principiis
609 1500 785 1564 Alexandri
820 1500 951 1565 nomine
986 1500 1272 1570 tabernaculuma

60 1589 177 1654 statuit
207 1589 243 1652 in
276 1608 378 1673 eoque
411 1588 526 1652 sellam
559 1609 688 1653 auream
722 1609 794 1653 cum
828 1593 955 1673 sceptro
984 1610 1023 1653 ac
1054 1587 1234 1652 diademate

58 1678 157 1742 iussit
179 1678 257 1761 poni
285 1699 387 1762 eoque
416 1697 529 1741 omnes
553 1676 670 1741 cotidie
693 1677 880 1760 convenire,
908 1681 944 1741 ut
967 1676 1014 1741 ibi
1038 1676 1077 1740 de
1101 1677 1237 1741 summis

57 1766 156 1831 rebus
176 1766 313 1830 consilia
332 1769 536 1851 caperentur:
560 1765 686 1829 minore
705 1765 791 1829 enim
810 1787 845 1830 se
863 1761 1031 1850 invidiafl)
1051 1764 1121 1830 fore
1140 1769 1236 1848 puta-

58 1855 128 1938 bat,
151 1853 180 1918 si
199 1854 305 1938 specie
323 1854 450 1938 imperii
468 1854 674 1938 nominisque
694 1854 900 1919 simulatione
914 1852 1090 1918 Alexandri
1110 1853 1235 1918 bellum

58 1942 225 2008 videretur
248 1942 484 2007 administrare.
520 1941 634 2026 ltaque
654 1964 726 2007 oum
744 1964 811 2007 non
831 1943 872 2008 ad
888 1942 1046 2008 Eumenis
1065 1943 1235 2028 principia,
1253 1966 1269 2015 3

61 2031 120 2097 sed
143 2032 183 2096 ad
206 2031 298 2116 regia
321 2031 550 2096 conveniretur
578 2036 676 2115 atque
699 2031 746 2095 ibi
770 2031 808 2096 de
833 2031 969 2096 summis
995 2031 1091 2096 rebus
1116 2030 1234 2096 delibe-

58 2123 195 2222 raretur,
218 2120 289 2204 ipse
308 2120 447 2204 quodam
472 2120 568 2184 modo
587 2120 719 2200 latebat,
743 2142 815 2185 cum
838 2125 949 2185 tamen
966 2142 1025 2205 per
1043 2142 1143 2185 unum
1162 2140 1234 2185 eum

57 2213 417 2362 ommdldireddldillihit
439 2318 513 2361 eum
536 2295 705 2382 Antigono
728 2297 763 2360 in
786 2295 982 2381 Paraetacis,
1005 2319 1071 2362 non
1092 2299 1133 2378 [a.
1151 2298 1229 2378 316]
1253 2323 1265 2370 1

56 2386 128 2451 acie
141 2386 310 2468 instructa,
324 2385 429 2450 sedin
448 2385 576 2468 itinere,
595 2407 731 2469 eumque
750 2386 835 2450 male
855 2389 1023 2470 acceptum
1042 2387 1077 2449 in
1091 2385 1231 2449 Mediam

54 2474 237 2539 hiematum
260 2475 366 2558 coligit
389 2473 502 2538 redire.
539 2471 615 2556 Ipse
638 2474 672 2537 in
691 2473 830 2538 finitima
852 2473 984 2558 regione
1002 2472 1146 2538 Persidis
1163 2473 1232 2537 hie-

54 2565 182 2627 matum
197 2563 306 2645 copias
323 2562 442 2644 divisit,
454 2583 521 2626 non
535 2566 572 2626 ut
586 2563 656 2646 ipse
670 2562 810 2645 volebat,
824 2562 879 2627 sed
892 2567 928 2626 ut
939 2561 1080 2626 militum
1095 2562 1232 2647 cogebat

55 2651 220 2717 voluntas.
261 2648 411 2735 Namque
430 2650 489 2714 illa
511 2650 655 2735 phalanx
673 2650 850 2715 Alexandri
870 2649 993 2736 Magni,
1016 2672 1099 2735 quae
1117 2651 1232 2715 Asiam
1251 2675 1266 2722 2

55 2743 250 2824 peragrarat
286 2739 511 2823 deviceratque
543 2738 673 2824 Persas,
703 2740 883 2804 inveterate
915 2761 988 2803 cum
1021 2738 1126 2823 gloria
1161 2742 1232 2803 tum

57 2828 158 2893 etiam
180 2828 325 2911 licentia,
343 2849 408 2892 non
428 2849 542 2910 parere
561 2849 596 2891 se
615 2827 759 2913 ducibus,
779 2829 833 2892 sed
857 2828 1017 2912 imperare
1035 2827 1232 2912 postulabat,

56 2919 96 2982 ut
126 2937 213 2980 nnnc
245 2919 389 2981 veterani
425 2915 550 2981 faciunt
581 2917 695 2982 nostri.
748 2917 862 3002 Itaque
894 2917 1073 3001 periculum
1108 2919 1159 2981 est
1191 2939 1232 2982 ne

56 3004 191 3088 faciant,
209 3005 295 3088 quod
313 3004 363 3068 illi
380 3004 536 3083 fecerunt,
560 3026 618 3069 sua
641 3005 893 3090 intemperantia
914 3007 1078 3089 nimiaque
1101 3006 1233 3070 licentia

56 3097 94 3157 ut
122 3093 232 3157 omnia
259 3094 396 3176 perdant
423 3113 527 3178 neque
535 3090 575 3178 ¹⁸)
605 3093 712 3158 minus
731 3099 811 3176 eos,
838 3116 912 3158 cum
941 3094 1059 3178 quibus
1089 3092 1233 3176 fecerint,

56 3202 155 3266 quam
170 3182 324 3246 adversus
339 3203 420 3265 quos
440 3182 600 3246 steterint.
633 3179 756 3257 Quodsi
771 3183 842 3265 quis
861 3182 991 3246 illorum
1004 3181 1094 3265 legat
1107 3183 1231 3244 vetera·
1250 3205 1267 3253 3

56 3291 172 3335 norum
200 3269 301 3356 facta,
330 3271 423 3354 paria
454 3270 571 3334 horum
599 3274 779 3352 cognoscat
807 3291 910 3354 neque
937 3291 1006 3334 rem
1033 3270 1135 3333 ullam
1168 3270 1231 3333 nisi

56 3362 184 3443 tempus
220 3359 375 3423 interesse
412 3358 540 3423 iudicet.
592 3355 654 3422 Sed
692 3359 732 3423 ad
769 3358 846 3423 illos
882 3361 1033 3423 revertar.
1084 3356 1231 3421 Hiberna

55 3450 263 3530 sumpserant
293 3468 361 3512 non
392 3446 434 3510 ad
466 3468 561 3511 usum
592 3446 685 3528 belli,
723 3447 779 3512 sed
812 3446 852 3510 ad
885 3446 1030 3531 ipsorum
1061 3445 1231 3531 luxuriam,

54 3536 218 3620 longeque
241 3536 327 3599 inter
349 3556 383 3599 se
403 3534 627 3600 discesserant.
671 3532 742 3610 Quo
758 3534 948 3631 Antigonus
968 3539 1133 3619 comperto
1157 3557 1230 3600 cum
1249 3562 1267 3610 4

92 3708 127 3770 ¹⁴)
146 3709 183 3763 Es
197 3707 273 3764 lebte
288 3709 361 3764 noch
376 3709 421 3764 ein
435 3709 616 3764 unehelieher
669 3710 727 3763 Der
744 3708 893 3764 Ausdruok
916 3708 1013 3764 liberis
1035 3709 1075 3763 ist
1098 3709 1158 3763 also
1182 3725 1232 3762 un·

53 3779 132 3835 Sohn
140 3778 323 3847 Alexanders,
332 3780 472 3849 Heracles,
486 3782 544 3834 und
557 3781 616 3834 sein
670 3795 771 3851 ganan.

53 3849 616 3919 nachgeborenerSchnvonderRoxnne,
708 3851 743 3919 ¹⁶)
757 3850 839 3905 Anm.
850 3869 883 3904 nu
892 3851 974 3905 Ham.
982 3849 1004 3918 I,
1012 3855 1037 3904 2.
1057 3848 1232 3918 Esiiegtein

55 3921 213 3977 Alexander
225 3920 329 3991 Ageus.
362 3922 436 3976 Aber
454 3940 507 3976 nur
526 3921 617 3975 dieser
670 3921 805 3990 gewisser
818 3920 989 3976 Nachdrnolr
1008 3920 1058 3974 auf
1069 3918 1231 3985 Alexandri,

51 3991 617 4061 letaterenndAlexandersblbdsinniger
670 4009 751 4047 wenn
779 3991 839 4046 dies
867 3993 950 4047 Wort
981 3991 1054 4045 auch
1080 3989 1163 4043 nicht
1191 3989 1231 4042 im

52 4062 233 4119 Halbbruder
275 4063 424 4134 Philippus
463 4061 617 4117 Arrhidtus
671 4063 845 4132 Gegensatze
878 4061 962 4117 steht.
1007 4060 1119 4115 Ebenso
1142 4057 1229 4127 XI,2

53 4151 148 4190 waren
176 4138 229 4190 323
258 4135 300 4188 als
322 4132 433 4204 Kdnige
460 4133 617 4189 anerlrannt
670 4135 721 4188 auf
736 4132 879 4188 victoriae.

53 4203 616 4272 worden,undfr”1rsiefiihrtenPerdic-
708 4203 741 4272 16)
761 4206 841 4258 Anm.
861 4222 894 4258 nn
914 4203 946 4271 V,
968 4207 991 4257 1.

54 4291 115 4346 cas,
148 4275 301 4346 Antipater
332 4277 388 4331 und
420 4275 616 4346 Polyperchon
707 4275 742 4343 ¹⁷)
759 4273 840 4330 Anm.
860 4291 894 4328 zu
912 4274 975 4328 Dat.
990 4272 1025 4340 V,
1044 4278 1068 4326 3.

52 4348 126 4402 nach
160 4346 293 4403 einander
324 4346 371 4402 die
403 4345 614 4418 Regentschaft.
706 4345 740 4416 ¹⁸)
758 4344 840 4401 Anm.
859 4363 893 4400 zu
910 4344 993 4415 Ager.
1012 4343 1060 4413 VI,
1079 4350 1104 4400 8.

977 4434 1017 4487 ᾗ*
