2812 4786
472 175 543 230 xxl.
571 173 769 231 Rauracis.
788 182 814 232 8.
833 182 858 231 4.
1208 177 1249 242 Π

74 340 242 405 Romanos
270 341 321 404 usi
349 339 492 404 fuerant:
525 340 662 423 quorum
689 360 842 403 numerus
871 344 940 404 erat
967 338 1084 424 viginti
1113 339 1249 405 milium.

73 427 157 492 Hit
143 432 247 493 totam
272 427 500 492 abalienarunt
523 426 709 512 Africam,
700 449 806 510 ipsam
825 426 1057 515 Carthaginem
1082 449 1248 580 oppugna·

73 519 158 581 runt.
211 515 335 592 Quibus
362 516 458 581 malis
487 514 565 580 adeo
596 518 671 580 sunt
657 514 800 580 tPoeni
827 539 867 600 pe
869 518 1053 598 territi,ut
1081 517 1179 581 etiam
1206 518 1282 582 aba

74 604 233 670 Romanis
257 604 378 670 auxilia
400 608 549 688 paterent
554 600 590 687 ⁶.)
628 601 767 668 Sedt
713 608 767 668 ext
767 626 866 686 remo,
890 627 961 670 oum
985 626 1086 689 prope
1111 606 1152 686 [a
1167 605 1247 686 239]

73 694 140 758 iam
163 693 203 758 ad
228 693 485 776 desperationem
508 692 745 778 pervenissent,
774 692 994 758 Hamilcarem
1019 694 1249 777 imperatorem

74 782 229 848 fecerunt.
274 781 307 846 Is
335 804 401 847 non
430 783 533 848 solum
561 803 581 845 a
603 781 703 846 muris
732 779 940 867 Carthaginis
970 781 1080 851 hostes
1106 784 1148 862 [a.
1167 783 1283 864 238]4

73 873 227 955 removit,
254 893 327 936 cum
351 870 492 953 amplius
521 874 649 935 eentum
672 870 763 934 milia
789 869 877 935 facta
905 875 1013 936 essent
1041 873 1249 952 armatorum,

74 959 253 1025 sedetiam
282 981 320 1024 eo
349 959 518 1044 compulit,
545 962 581 1022 ut
603 959 748 1023 locorum
773 960 932 1045 angustiis
963 959 1066 1024 eleusi
1088 960 1139 1023 vel
1163 959 1248 1024 fame

74 1048 126 1113 rel
149 1048 237 1113 ferro
260 1048 439 1113 interirent.
481 1046 599 1112 Omnia
621 1047 741 1130 oppida
765 1047 968 1132 abalienata,
991 1049 1025 1112 in
1047 1047 1099 1112 his
1117 1046 1248 1113 Uticam

76 1141 174 1221 atque
197 1136 394 1220 Hipponem,
416 1135 639 1201 valentissima
661 1136 764 1201 totius
786 1134 926 1220 Africae,
949 1137 1094 1201 restituit
1115 1139 1248 1221 patriae.

163 1224 225 1290 111.
261 1224 322 1289 His
345 1225 443 1289 rebus
468 1246 506 1288 ex
530 1225 691 1288 sententia
718 1225 858 1308 peractis
881 1224 995 1290 fidenti
1019 1226 1127 1291 animo
1153 1228 1283 1309 atque1

77 1312 198 1379 infesto
216 1314 383 1392 Romanis,
402 1334 466 1398 quo
485 1313 612 1377 facilius
637 1334 767 1377 causam
786 1313 931 1378 bellandi
949 1316 1115 1398 reperiret,
1133 1314 1249 1398 effecit,

76 1406 112 1466 ut
136 1402 315 1487 imperator
343 1424 417 1467 cunr
440 1401 582 1488 exercitu
609 1402 644 1466 in
667 1399 859 1485 Hispaniam
883 1403 1078 1487 mitteretur,
1107 1403 1150 1483 [a.
1168 1403 1248 1483 237]

76 1512 178 1576 eoque
202 1512 309 1555 secum
333 1490 426 1555 duxit
448 1491 551 1554 filium
574 1488 795 1555 Hannibalem
820 1513 979 1556 annorum
1003 1513 1128 1557 novem.
1168 1490 1285 1558 Ereta

74 1584 242 1663 praeterea
270 1601 343 1644 cum
371 1601 409 1644 eo
438 1579 627 1644 adulescens
650 1579 798 1664 illustris,
828 1578 1027 1662 Hasdrubal,
1050 1602 1146 1665 quem
1169 1601 1249 1644 non·
1296 1581 1297 1584 ’

76 1668 157 1732 nulli
186 1668 279 1754 diligi
306 1668 395 1751 plus,
422 1690 519 1752 quam
546 1689 606 1752 par
633 1670 715 1750 erat,
745 1668 786 1732 ab
809 1666 995 1733 Hamilcare
1018 1669 1250 1753 loquebantur:

77 1756 226 1821 homines
250 1757 337 1821 enim
361 1756 511 1821 maledici
534 1760 628 1821 tanto
651 1756 722 1820 viro
745 1756 856 1820 deesse
882 1778 949 1821 non
971 1761 1132 1841 poterant.
1179 1755 1249 1832 Quo

75 1843 197 1910 factum
230 1849 280 1910 est
311 1849 349 1910 ut
379 1867 397 1909 a
426 1846 591 1929 praelecto
624 1866 751 1909 morum
782 1843 968 1910 Hasdrubal
1001 1867 1074 1910 cum
1106 1867 1144 1910 eo
1179 1867 1250 1909 esse

73 1936 244 2000 vetaretur.
289 1932 402 2018 Itaque
429 1933 487 1998 illa
515 1933 545 1997 ei
571 1932 673 1997 filiam
701 1933 852 1998 suumin
883 1934 1127 2000 matrimonium
1151 1933 1250 2012 dedit,

75 2022 161 2106 quod
192 2023 337 2088 moribus
371 2020 692 2108 Carthaginiensium
727 2042 837 2088 socero
872 2043 970 2108 gener
1002 2023 1152 2088 interdici
1184 2044 1249 2087 non

74 2115 211 2193 poterat
262 2111 311 2176 De
339 2111 401 2176 hoc
431 2111 504 2175 ideo
537 2111 734 2175 mentionem
766 2109 914 2197 fecimus,
948 2113 1033 2196 quod
1063 2110 1284 2178 Hamilcaree

77 2201 181 2265 occiso
204 2200 261 2264 ille
280 2199 400 2265 exercit
402 2222 436 2263 ιιι
426 2199 598 2283 praefuit
621 2220 736 2283 resque
756 2220 895 2284 magnas
915 2201 1017 2284 gessit
1037 2198 1249 2285 (quamquam

74 2288 224 2372 princeps
248 2287 422 2374 largitione
445 2291 590 2353 vetustos
616 2309 720 2352 mores
741 2285 1060 2390 Carthaginiensium
1078 2286 1248 2374 pervertit)

75 2376 281 2461 eiusdemque
312 2381 389 2461 post
420 2373 595 2462 morteml)
630 2375 837 2441 Hannibal
828 2376 999 2460 rmperium
1032 2377 1073 2440 ab
1108 2378 1248 2441 exercitu

76 2486 147 2529 acce
171 2465 207 2529 it

149 2487 220 2619 pIV.
244 2552 306 2619 Sed
320 2552 498 2638 Hamilcar,
511 2556 725 2637 posteaquam
744 2573 832 2617 mare
846 2552 979 2618 transiit
996 2553 1030 2616 in
1043 2550 1249 2636 Hispaniam·
1270 2570 1284 2619 1

79 2661 139 2725 que
161 2644 259 2725 venit,
283 2663 419 2727 magnas
442 2663 493 2706 res
517 2640 658 2706 secunda
681 2642 784 2726 gessit
806 2641 953 2707 fortuna:
975 2642 1132 2707 maximas
1156 2641 1248 2706 belli-

76 2730 326 2816 cosissimasque
349 2734 462 2816 gentes
482 2731 620 2815 subegit,
639 2731 738 2815 equis,
758 2731 867 2813 armis,
882 2731 968 2811 viris,
988 2731 1123 2814 pecunia
1144 2734 1248 2796 totam

74 2817 285 2902 locupletavit
317 2820 470 2884 Af.ricam
526 2818 588 2894 Qui
620 2819 750 2902 quidem
782 2840 856 2884 oum
887 2819 922 2882 in
957 2818 1089 2884 Italiam
1126 2819 1283 2886 belluma

65 2905 192 2987 ,inferre
210 2908 431 2992 meditaretur,
446 2928 533 2973 nono
553 2928 637 2972 anno
657 2911 832 2992 postquam
850 2908 885 2972 in
898 2906 1091 3061 Hispaniam
1106 2911 1249 2991 venerat,

73 2994 107 3060 in
133 2996 257 3081 proelio
286 3018 437 3082 pugnans
470 2995 624 3061 adversus
656 2995 813 3062 Vettones
846 2998 970 3062 occisus
1000 3001 1059 3062 ost.
1106 2999 1149 3077 [a.
1167 2997 1247 3078 229]

74 3081 169 3150 Illius
188 3090 298 3150 autem
316 3086 541 3169 perpetuum
532 3107 566 3149 ιιι
584 3085 749 3150 Romanos
773 3084 881 3149 odium
905 3087 1044 3149 maxima
1068 3086 1247 3150 concitasse
1266 3103 1282 3152 3

73 3171 199 3238 videtur
223 3175 398 3239 secundum
422 3174 543 3238 bellum
566 3172 749 3238 Poenicum.
790 3171 938 3256 Namque
957 3172 1138 3257 Hannibal,
1159 3173 1247 3238 filius

75 3261 152 3343 eius,
172 3263 384 3327 assiduist
325 3265 384 3346 pat
385 3262 429 3327 ris
450 3262 723 3327 obtestationibus
743 3281 781 3325 eo
801 3264 851 3325 est
864 3261 1046 3345 perductus,
1065 3264 1103 3325 ut
1117 3223 1247 3326 iirterire

75 3371 172 3433 quam
196 3350 362 3416 Romanos
385 3372 450 3416 non
475 3349 613 3435 experiri
636 3350 755 3415 mallet

110 3541 134 3611 ⁶)
152 3542 209 3597 Der
227 3542 323 3597 Ablall
340 3542 391 3596 der
408 3541 510 3597 beiden
528 3540 634 3596 letzten
688 3543 766 3598 statt
803 3527 941 3610 librigens
965 3540 1111 3596 sehickten
1129 3541 1174 3596 die
1192 3540 1248 3596 Rb-

72 3613 135 3667 treu
153 3613 338 3695 gabliebenen
357 3612 456 3668 stada
474 3612 558 3667 Utica
576 3612 633 3666 und
688 3630 748 3668 mer
775 3629 849 3667 zwar
876 3612 958 3668 keine
984 3611 1073 3680 Hilfe,
1102 3612 1248 3667 erlaubten

73 3681 177 3754 Hippo,
188 3682 309 3739 dieBela
310 3683 633 3754 gerungvonKarthago
688 3685 755 3739 aber
769 3683 829 3738 aa
840 3683 1248 3753 WerbungenderKarthager

73 3754 164 3810 selbst
181 3756 239 3808 und
262 3703 328 3809 dasg
331 3755 511 3824 Hilfsgesueh
532 3771 569 3808 an
588 3755 633 3807 die
687 3753 717 3808 in
735 3752 845 3808 Italien.

73 3823 177 3879 Rtmer
202 3825 271 3880 land
299 3827 357 3879 erat
381 3825 455 3880 nach
477 3825 634 3879 Hamilcare
726 3826 747 3894 7)
770 3823 932 3878 Hasdrubal
957 3824 1053 3878 fdhrte
1081 3823 1135 3878 den
1160 3822 1247 3878 Ober-

72 3894 244 3965 Ernsnnuug
280 3914 342 3951 zum
378 3895 531 3951 Fsldherrn
558 3895 633 3963 (239)
687 3894 809 3950 befehl'
800 3911 831 3950 ιιι
849 3895 973 3965 Spanien
990 3900 1140 3950 229-221.

556 4150 769 4157 *—
