2844 4800
331 183 404 239 VllI.
434 181 705 238 THRASYBULUS.
730 189 755 238 4.
793 183 839 236 lX.
868 182 1002 238 CONON.
1027 193 1050 240 1.
1233 184 1275 249 29

105 351 263 430 tyrannos
287 351 321 410 et
343 347 467 423 decem,
490 347 545 430 qui
569 351 684 430 postea
693 343 731 432 11)
753 349 919 430 praetores
944 347 1044 411 creati
1075 347 1277 429 superiorum

104 439 289 518 temporum
312 434 502 499 crudelitate
526 438 618 498 erant
640 435 701 515 usi,
725 434 930 498 afficerentur
950 434 1063 498 exsilio
1086 456 1166 499 neve
1190 436 1277 499 bona

104 524 362 606 publicarentur:
380 524 428 587 rei
447 523 595 607 publicae
614 523 800 605 procuratio
815 524 935 606 populo
950 522 1145 587 redderetur.
1169 524 1276 607 Atque
1295 540 1311 588 2

104 613 203 675 etiam
233 617 268 674 ut
297 612 441 675 valerent
468 612 525 675 illa
553 611 666 674 effecit.
710 608 797 675 Nam
821 633 893 675 cum
921 612 1052 695 quidam
1080 634 1118 676 ex
1141 612 1197 695 iis,
1220 614 1277 696 qui

105 701 201 764 simul
221 722 293 764 cum
313 701 439 785 ipsein
459 699 573 764 exsilio
593 699 730 782 fuerant,
749 700 878 764 eaedem
896 699 1001 764 facere
1021 722 1132 765 eorum
1146 701 1276 776 vellent,

104 810 178 853 cum
202 789 319 873 quibus
347 789 546 874 ingratiam
573 787 713 851 reditum
737 791 807 851 erat
834 788 974 871 publice,
998 788 1165 872 prohibuit
1187 792 1221 852 et
1243 788 1276 852 id

104 877 190 961 quod
215 877 380 960 pollicitus
405 881 475 940 eret
498 874 671 959 praestitit
712 875 918 940 Praeclarum
941 877 1003 941 hoc
1026 898 1153 960 quoque
1176 876 1276 941 Thra·
1295 894 1311 942 3

104 966 221 1050 sybuli,
240 965 325 1050 quod
344 966 552 1030 reconciliata
570 986 660 1047 pace,
674 987 746 1029 oum
764 965 939 1048 plurimum
958 965 991 1028 in
1007 965 1138 1030 civitate
1157 969 1278 1050 posset,

105 1056 212 1137 legem
231 1055 317 1138 tulit,
340 1075 380 1117 ne
400 1055 471 1138 quis
491 1058 565 1118 ante
585 1057 730 1117 actarum
748 1075 855 1117 rerum
876 1059 1081 1118 accusaretur
1099 1074 1179 1118 neve
1199 1055 1278 1117 mul-

103 1146 241 1224 taretur,
264 1164 398 1226 eamque
421 1142 470 1206 illi
494 1141 666 1207 oblivionis
690 1142 905 1225 appellarunt.

194 1229 251 1294 IV.
290 1230 352 1294 Pro
381 1231 482 1295 tantis
510 1231 635 1294 meritis
663 1231 693 1293 ei
721 1227 886 1314 coronali)
916 1253 936 1294 a
963 1231 1084 1315 populo
1114 1229 1189 1294 data
1216 1233 1311 1314 est,1

103 1319 191 1383 facta
215 1320 341 1384 duabus
365 1320 499 1405 virgulis
525 1319 694 1404 olcaginia.
727 1318 830 1395 Quam
854 1320 939 1402 quod
964 1341 1056 1384 amor
1078 1319 1197 1383 civium
1221 1319 1276 1382 ob-

102 1409 231 1490 tulerat,
254 1430 319 1473 non
338 1408 386 1472 vis
401 1412 613 1492 expresserat,
630 1408 755 1472 nullam
773 1408 888 1472 habuit
906 1407 1060 1472 invidiam
1076 1427 1276 1492 magnaeque

103 1496 166 1560 fuit
185 1497 317 1580 gloriae.
341 1495 428 1560 Bene
448 1498 546 1562 etiam
564 1496 710 1561 Pittacus
729 1496 795 1578 ille,
813 1498 868 1581 qui
891 1497 924 1560 in
945 1502 1068 1581 septem
1093 1497 1311 1580 sapientuma

102 1607 237 1650 numero
263 1591 313 1649 est
334 1585 477 1667 habitus,
500 1607 573 1650 cum
588 1583 774 1667 Mytilenaei
798 1585 901 1648 multa
924 1585 1015 1648 milia
1037 1586 1186 1668 iugerum
1206 1585 1276 1668 agri

104 1673 134 1736 ei
158 1674 284 1737 muneri
308 1673 431 1753 darent,
454 1672 574 1738 ‘nolite
598 1695 654 1737 oro
678 1671 752 1737 vos'
776 1673 881 1755 inquit
906 1670 955 1736 ‘id
979 1673 1060 1736 mihi
1084 1672 1168 1756 dare,
1191 1673 1276 1755 quod

104 1761 201 1825 multi
224 1762 398 1840 invideant,
422 1763 530 1845 plures
551 1760 651 1826 etiam
670 1760 925 1844 concupiscant'.
952 1759 1015 1824 Illa
1037 1761 1138 1846 igitur
1157 1781 1277 1825 corona
1296 1777 1311 1825 3

104 1853 276 1914 contentus
299 1849 522 1933 Thrasybulus
550 1871 652 1933 neque
676 1850 814 1932 amplius
842 1848 1013 1932 requisivit
1035 1870 1138 1932 neque
1167 1869 1277 1933 quem-

105 1960 204 2021 quam
227 1938 350 2003 honore
374 1960 408 2003 se
432 1938 644 2003 antecessisse
668 1938 873 2002 existimavit.
912 1937 1100 2021 Insequenti
1123 1943 1313 2020 tempore,4

104 2047 179 2089 cum
202 2032 333 2110 praetor
351 2028 488 2092 classem
508 2027 549 2091 ad
566 2023 792 2111 Pamphyliam
816 2026 994 2111 appulisset
1016 2047 1119 2112 neque
1144 2029 1185 2106 [a.
1196 2026 1274 2106 389]

105 2116 187 2179 satis
211 2115 382 2199 diligenter
401 2117 434 2180 in
454 2117 570 2181 castris
590 2117 657 2180 eius
677 2120 851 2199 agerentur
874 2116 1015 2201 vigiliae,
1034 2139 1053 2179 a
1071 2115 1219 2180 barbaris
1238 2137 1277 2178 ex

104 2203 225 2288 oppido
254 2204 407 2288 Aspendo
436 2208 535 2270 noctu
565 2207 732 2289 eruptione
761 2204 850 2269 facta
877 2204 912 2268 in
939 2204 1148 2269 tabernaculo
1178 2205 1277 2267 inter·

103 2293 206 2356 fectus
230 2297 286 2358 est.

557 2489 618 2561 IX.
654 2489 824 2561 GONON.

194 2609 218 2673 I.
257 2607 371 2674 Conon
400 2608 609 2673 Atheniensis
637 2606 907 2693 Peloponnesi01)
938 2608 1023 2672 bello
1053 2629 1104 2673 ac·
1136 2609 1177 2687 [a.
1196 2608 1311 2689 413]1

106 2697 207 2762 cessit
231 2697 271 2761 ad
295 2719 364 2761 rem
386 2697 559 2782 publicam,
581 2699 754 2783 magnique
779 2698 847 2762 eius
871 2719 970 2782 opera
992 2697 1062 2761 fuit.
1092 2694 1179 2761 Nam
1204 2718 1276 2760 cum

105 2790 239 2868 praetor
260 2785 465 2872 pedestribus
485 2786 677 2851 exercitibus
700 2787 841 2872 praefuit
863 2790 932 2850 tum
954 2785 1139 2871 praefectus
1163 2786 1275 2850 classis

103 2895 239 2958 magnas
268 2876 352 2939 mari
378 2896 429 2939 res
459 2877 568 2960 gessit.
613 2875 689 2941 Fuit
717 2876 816 2940 etiam
847 2880 987 2943 extremo
1016 2875 1102 2941 bello
1134 2878 1175 2955 [a.
1194 2873 1310 2955 405]2

104 2968 247 3049 praetor,
280 2986 352 3029 cum
389 2965 475 3047 apud
509 2965 618 3050 Aegos
654 2965 772 3030 flumen
809 2964 921 3050 copiae
954 2964 1202 3033 Atheniensium
1235 2963 1276 3026 ab

104 3050 272 3135 Lysandro
297 3058 373 3118 sunt
392 3053 546 3119 devictae.
578 3050 641 3118 Sed
664 3057 734 3117 tum
752 3054 786 3118 in
805 3053 942 3119 oonsilio
965 3053 1114 3136 neglecta
1133 3055 1185 3115 eat
1207 3051 1275 3114 eius

105 3142 298 3226 auctoritas,
321 3164 422 3227 eoque
445 3143 612 3225 peius-res
637 3141 881 3206 administrata:
907 3162 984 3205 nam
1007 3143 1041 3204 et
1063 3138 1204 3223 prudens
1228 3139 1276 3201 rei

105 3229 257 3294 militaris
281 3234 313 3294 et
335 3231 474 3315 diligens
498 3234 569 3294 erat
595 3231 783 3314 imperator.
827 3228 943 3310 Itaque
965 3226 1087 3290 nemini
1117 3228 1188 3290 erat
1210 3225 1311 3290 illisa

104 3318 307 3401 temporibus
326 3319 469 3400 dubium,
494 3319 522 3381 si
546 3339 705 3382 summam
728 3317 857 3400 imperii
876 3316 963 3380 solus
986 3315 1163 3400 habuisset,
1185 3313 1276 3378 illam

105 3406 324 3470 Athenienses
347 3406 566 3470 calamitatem
589 3409 778 3488 accepturos
801 3426 867 3469 non
889 3400 1033 3488 fuiss02).

144 3562 177 3630 ¹¹)
213 3561 294 3615 Naoh
327 3561 376 3615 der
408 3560 577 3631 Niederlage
614 3561 663 3616 der
715 3559 840 3615 naohher
853 3560 881 3614 in
896 3559 990 3614 Athen
1005 3561 1031 3628 (ξ
1043 3561 1070 3628 3)
1086 3560 1276 3626 Thrasybulus

104 3632 229 3702 Dreissig
242 3631 288 3687 bei
297 3631 458 3700 Munychia.
472 3621 612 3702 iibrigens
625 3633 665 3688 ist
717 3632 804 3686 durch
822 3629 1053 3687 Volksbesohluss
1072 3630 1240 3702 bestttigen.

104 3703 200 3773 Nepos
216 3703 277 3758 hier
290 3719 433 3774 ungerer,
453 3704 490 3757 da
504 3703 596 3759 aulem
610 3704 664 3758 den
757 3702 790 3770 ¹¹)
808 3702 890 3758 Diese
905 3703 979 3756 Ehre
992 3702 1074 3757 nebst
1088 3701 1179 3757 einem
1192 3703 1276 3759 Geld-

104 3774 229 3843 Dreissig
242 3791 298 3829 von
314 3775 362 3828 der
372 3775 516 3829 Amnestie
529 3775 609 3829 nieht
618 3776 664 3830 dio
717 3773 859 3845 geschenk
883 3791 931 3826 zur
954 3772 1101 3842 Erfi‘illung
1125 3772 1201 3828 ihrer
1224 3775 1275 3828 Ge·

106 3845 663 3916 Zehnmannerausgesohlossenwurden,
717 3845 803 3899 labdo
829 3845 924 3900 vurde
947 3842 1022 3898 allen
1045 3843 1200 3914 verliehen‚
1230 3842 1277 3899 die

104 3917 212 3971 welche
234 3916 264 3970 in
282 3915 376 3971 Athen
400 3918 473 3971 nach
496 3916 546 3970 der
563 3914 665 3970 Flucht
718 3914 772 3971 mit
780 3915 971 3984 Thrasybulus
980 3913 1143 3985 anfanglich
1153 3913 1276 3985 inPhyle

106 3987 158 4042 der
171 3986 295 4057 Dreilsig
313 4004 349 4041 an
364 3988 413 4043 der
428 3987 446 4042 S
466 3985 523 4043 itae
536 3986 665 4055 standon,
719 4003 847 4057 gevesen
866 4002 967 4041 waren.

106 4058 228 4112 eoadem
261 4059 328 4113 zwei
359 4006 589 4114 anterieheruen
617 4057 666 4112 der
757 4059 777 4127 ¹)
796 4058 849 4112 Die
868 4057 956 4111 durch
975 4056 1020 4111 die
1040 4055 1169 4123 Stellung
1192 4072 1277 4126 ange·

105 4129 240 4198 Dreissig,
260 4131 383 4184 ntlmlich
406 4130 453 4184 die
473 4129 666 4185 Zehnmltnner
719 4129 833 4184 deutete
842 4125 1275 4196 BedoutungdesAdjektivsin-

104 4199 264 4255 imPirbeus
275 4200 665 4255 unddieKriminalkommis-
719 4199 841 4255 volviert
858 4199 903 4254 die
923 4197 1050 4254 Partilrel
1069 4199 1200 4265 ‚‚schon“.

105 4270 167 4325 sion
183 4271 405 4326 derElfmttnner
416 4271 556 4328 inAthen.
582 4270 666 4326 Dicae
757 4271 779 4340 ²)
795 4271 854 4326 Vor
873 4271 936 4326 dem
950 4257 1077 4324 ilberlall
1094 4268 1150 4324 riet
1168 4285 1198 4322 er
1215 4286 1278 4324 ver-

105 4341 309 4410 Verabredung
338 4343 391 4396 mit
418 4343 571 4398 Pausanias
602 4341 665 4399 liels
720 4340 825 4412 gebens
844 4359 893 4396 zur
911 4340 1055 4410 Versicht,
1073 4340 1130 4396 und
1153 4340 1278 4396 nachher
