2812 4786
134 189 176 255 70
337 187 438 244 11111.
464 186 649 243 nonnum.
671 160 712 242 ie.
732 219 765 229 -
784 185 858 243 xix.
886 183 1102 244 1110610111.

131 354 167 419 in
195 375 259 439 quo
287 374 352 419 uno
380 353 508 416 tantum
538 356 639 434 esset,
667 354 716 434 ut,
744 350 850 435 quoad
874 349 1085 433 11101116161,
1112 349 1179 433 ipsi
1209 351 1315 415 securi

132 464 202 508 esse
233 463 300 508 non
336 443 484 526 possent,
520 439 691 504 interfecto
728 438 812 503 nihil
849 438 992 503 habituri
1028 439 1154 524 negotii
1196 443 1314 504 essent

131 531 301 597 Postremo
329 530 358 595 si
384 528 433 593 illi
460 527 607 593 redderet
630 529 783 608 salutem,
812 526 1026 611 quaerebant,
1049 527 1167 612 quibus
1200 528 1314 592 amicis

132 621 219 684 esset
241 640 371 684 usurus:
400 637 471 682 sese
494 617 580 682 enim
609 638 682 682 cum
705 616 850 682 Eumene
874 616 958 700 apud
987 637 1060 681 eum
1082 637 1151 682 non
1174 615 1314 681 futuros.

95 705 191 773 61116
210 707 343 792 cognita
366 705 495 771 consilii
513 706 683 770 voluntate
705 708 815 769 tamen
839 704 1001 789 usquead
1024 705 1204 790 septimum
1228 703 1314 770 diem

134 795 335 861 deliberandi
354 795 417 860 sibi
437 795 579 879 spatium
593 794 732 880 reliquit.
761 792 845 859 Tum
865 814 952 877 1610,
970 815 1043 858 cum
1060 793 1127 858 iam
1146 797 1314 859 vereretur

132 906 267 1038 {tell
291 880 1312 1057 :tlttitttlttttttlttttttltt‘ltt

132 1061 275 1147 negabat
302 1083 337 1127 se
365 1061 396 1126 ei
423 1061 489 1126 vim
517 1060 708 1144 allaturum,
739 1060 792 1125 cui
822 1058 996 1144 aliquando
1028 1059 1145 1124 fuisset
1180 1059 1311 1124 amicus.

96 1149 257 1224 4'I'amen
284 1150 341 1215 ille
369 1171 435 1215 non
464 1149 603 1232 amplius
627 1171 724 1233 quam
752 1148 897 1212 triduum
925 1147 1011 1213 fame
1034 1147 1210 1233 fatigatus,
1238 1169 1311 1212 curn

133 1243 241 1305 castra
256 1241 472 1322 moverentur,
486 1237 642 1301 insciente
653 1237 821 1322 Antigono
830 1237 997 1322 iugulatus
1013 1240 1064 1302 est
1078 1259 1098 1301 a
1111 1236 1310 1301 custodibus.

98 1341 112 1390 1
220 1326 309 1391 XIII.
337 1324 390 1391 Sic
413 1325 575 1390 Eumenes
599 1347 757 1392 annorum
782 1329 906 1410 septem
930 1328 964 1390 et
986 1324 1215 1411 quadraginta,
1237 1346 1311 1389 cum

132 1415 173 1479 ab
197 1436 282 1480 anno
302 1414 465 1498 vicesimo,
484 1413 533 1478 uti
552 1435 651 1497 supra
670 1414 883 1497 ostendimus,
897 1419 1023 1499 septem
1038 1436 1140 1479 annos
1154 1413 1310 1499 Philippo

132 1503 353 1589 apparuisset,
384 1501 540 1568 tredecim
573 1502 659 1586 apud
686 1502 909 1568 Alexandrum
941 1503 1076 1567 eundem
1109 1503 1221 1568 locum
1254 1505 1310 1567 oa

131 1593 299 1676 tinuisset,
326 1593 360 1657 in
387 1591 439 1656 lris
467 1613 569 1657 unum
597 1592 742 1676 equitum
770 1591 839 1657 alae
862 1591 1072 1677 praefuisset,
1099 1596 1178 1677 post
1202 1595 1310 1656 autem

133 1681 311 1746 Alexandri
338 1680 452 1766 Magni
481 1684 619 1745 mortem
646 1682 824 1764 imperator
854 1680 1012 1746 exercitus
1045 1678 1192 1745 duxisset
1224 1701 1309 1744 sum·

133 1791 267 1855 mosque
295 1771 392 1835 duces
416 1769 536 1852 partim
559 1770 771 1853 reppulisset,
794 1769 914 1854 partim
938 1768 1171 1852 interfecisset,
1196 1773 1309 1852 captus

132 1880 199 1924 non
228 1859 387 1944 Antigoni
415 1859 550 1941 virtute,
579 1857 636 1921 sed
665 1856 878 1925 Macedonum
909 1857 1051 1942 periurio
1084 1857 1309 1922 tristissimum

96 1945 393 2011 6116111116111111111
416 1947 512 2012 vitae.
557 1942 645 2030 In28)
670 1969 734 2030 quo
758 1950 881 2031 quanta
905 1945 1050 2011 omnium
1072 1945 1173 2010 fuerit
1198 1945 1308 2030 opinio

133 2055 253 2118 eorum,
277 2035 332 2119 qui
355 2038 431 2119 post
445 2033 663 2098 Alexandrum
681 2033 840 2120 Magnum
862 2056 956 2121 reges
980 2040 1056 2099 sunt
1080 2035 1250 2120 appellati,
1273 2056 1310 2099 ex

132 2122 195 2188 hoc
221 2122 375 2187 facillime
402 2125 512 2207 potest
534 2119 731 2209 iudicari22),
755 2124 841 2208 quod
863 2145 959 2188 nemo
982 2122 1130 2189 Eumene
1152 2123 1230 2188 1116
1254 2144 1308 2187 rex

96 2225 113 2275 3
133 2212 316 2296 appellatus
340 2216 403 2296 est,
432 2211 487 2277 sed
510 2210 707 2294 praefectus,
734 2212 821 2277 idem
844 2234 911 2278 non
934 2212 1038 2277 multo
1061 2215 1138 2297 post
1161 2213 1233 2277 eius
1258 2233 1309 2277 oc-

132 2323 241 2366 casum
274 2301 400 2386 regium
432 2302 584 2365 ornatum
615 2321 795 2384 nomenque
829 2305 1038 2385 sumpserunt
1070 2322 1191 2386 nsque,
1225 2300 1309 2385 quod

132 2390 228 2454 initio
260 2389 499 2474 praedicarant,
534 2410 568 2453 se
597 2389 776 2453 Alexandri
809 2386 967 2475 liberis⁸⁰)
999 2409 1137 2474 regnum
1170 2410 1310 2473 6611616,

132 2482 297 2562 praestare
316 2480 488 2544 voluerunt
506 2481 540 2542 et
558 2498 623 2542 uno
642 2481 884 2562 propugnatore
904 2478 1033 2543 sublato
1053 2477 1131 2563 quid
1149 2477 1309 2542 sentirent

30 2576 42 2596 ’
133 2571 335 2649 aperuerunt.
381 2566 480 2633 Ouius
504 2566 635 2631 sceleris
653 2567 817 2650 principes
836 2566 968 2631 fuerunt
982 2567 1181 2651 Antigonus,
1201 2565 1308 2631 Ptole-

96 2669 258 2738 41166116,
286 2653 453 2738 Seleucus,
480 2654 708 2739 Lysimachus,
740 2652 930 2720 Cassander.
976 2655 1098 2721 Verum
1121 2654 1308 2740 Antigonus

131 2742 310 2810 Eumenem
346 2749 511 2808 mortuum
547 2744 658 2808 amicis
699 2744 768 2808 eius
806 2744 1027 2828 sepeliendum
1062 2743 1208 2809 tradidit.
1266 2742 1310 2808 Hi

132 2830 270 2895 honesto
294 2853 368 2895 eum
391 2831 515 2914 funere,
545 2832 722 2897 comitante
745 2834 902 2917 exercitu,
929 2833 1146 2897 humaverunt
1169 2853 1308 2918 ossaque

132 2919 201 2984 cius
219 2919 253 2982 in
273 2917 512 3004 Cappadociam
536 2919 576 2984 ad
598 2923 737 2986 matrem
760 2924 858 3005 atque
878 2942 1009 2987 uxorem
1028 2921 1215 3005 liberosque
1240 2923 1307 2986 eius

132 3007 333 3092 deportanda
356 3011 519 3074 curarunt.

545 3313 640 3386 XIX.
677 3314 897 3386 PHOOION.

99 3466 113 3513 1
221 3449 246 3514 I.
281 3449 427 3514 Phocion
459 3450 668 3516 Atheniensis
700 3453 763 3516 etsi
801 3473 897 3536 saepe
934 3451 1128 3516 exercitibus
1166 3452 1309 3534 praefuit

133 3559 341 3622 summosque
359 3539 571 3624 magistratus
596 3539 689 3624 cepit,
709 3544 817 3604 tamen
841 3541 945 3605 multo
970 3544 1019 3604 est
1040 3539 1150 3604 notior
1171 3539 1308 3623 integri·

133 3628 200 3689 tate
224 3626 311 3690 vitae
339 3648 436 3710 qnam
465 3629 511 3691 rei
541 3629 692 3693 militaris
715 3629 837 3694 labore.
882 3628 997 3715 Itaque
1026 3628 1122 3693 huius
1151 3629 1309 3694 memoria

134 3717 184 3778 est
207 3715 332 3799 exigua,
354 3714 443 3778 illius
463 3720 572 3780 autem
590 3739 711 3802 magna
729 3717 827 3801 fama,
845 3739 884 3782 ex
903 3739 967 3801 quo
986 3716 1179 3802 cognomine
1199 3716 1307 3784 Bonus

98 3820 115 3869 6
135 3807 184 3867 661
207 3803 400 3887 appellatus.
445 3801 520 3868 Euit
544 3807 630 3870 enim
653 3809 809 3890 perpetuo
832 3828 971 3890 pauper,
994 3828 1067 3871 cum
1089 3809 1226 3889 11011161
1249 3805 1307 3870 fre

133 3897 267 3977 quantes
299 3891 423 3956 delatos
455 3892 594 3957 honores
631 3896 873 3980 potestatesque
911 3916 1055 3960 summas
1093 3893 1307 3959 divitissimus

169 4065 204 4134 ²⁸)
222 4066 304 4120 Anm.
324 4084 359 4120 au
376 4066 461 4122 Phoc.
481 4065 529 4135 IV,
548 4071 572 4121 4.
746 4067 859 4123 keinem
883 4067 1104 4123 unmittelbarcn
1128 4069 1308 4124 zusammen-

170 4137 205 4207 so,
222 4137 407 4206 Rhetorische
426 4123 634 4207 llbertreibung
653 4137 692 4192 im
746 4140 839 4210 hange
852 4138 906 4194 mit
919 4140 983 4194 dem
999 4138 1077 4193 'fode
1096 4139 1145 4193 des
1160 4138 1308 4195 Eumenes.

132 4207 292 4277 folgenden.
341 4208 394 4264 Die
430 4207 607 4278 Ermordnng
643 4209 693 4264 der
746 4210 798 4264 Die
813 4211 927 4265 16111616
942 4209 1061 4280 erfolgte
1076 4225 1106 4264 so
1128 4225 1160 4264 ar
1175 4212 1235 4265 6161
1248 4216 1306 4266 306.

132 4277 346 4333 Nachlrommen
364 4280 550 4347 Alexandera,
575 4281 628 4335 wie
647 4279 693 4334 dic
746 4279 810 4350 Vgl.
829 4282 911 4336 Anm.
931 4299 965 4336 au
982 4281 1082 4350 Epam.
1128 4288 1181 4349 ,4.

133 4349 278 4405 Annahme
293 4351 342 4406 des
356 4349 552 4422 Konigstitels,
566 4352 648 4407 stand
663 4351 692 4405 in
783 4349 919 4420 ⁸⁰)'Anm
937 4370 971 4406 au
989 4351 1036 4421 VI,
1056 4358 1080 4407 3.
