2812 4786
496 195 557 252 XX.
584 192 781 250 TIMOIAEON.
804 200 830 250 4.
849 198 874 249 t.
1232 192 1275 260 75

91 357 228 444 Itaque,
256 380 329 423 oum
356 358 497 442 primum
524 357 645 441 potuit,
676 357 847 441 imperium
876 357 1026 441 deposuit
1057 379 1093 422 ac
1125 358 1273 443 privatus

92 444 281 531 Syracusis,
313 446 398 530 quod
431 447 591 532 reliquum
623 446 711 511 ritae
742 446 820 529 fuit,
852 447 941 511 vixit.
987 444 1100 530 Neque
1133 468 1209 512 vero
1239 446 1308 510 ido

58 615 61 620 Ι
89 534 248 621 imperite
271 535 362 599 feeit:
386 556 463 598 nam
484 534 570 619 quod
589 535 688 600 ceteri
706 535 843 618 imperio
862 535 1035 618 petierunt,
1053 535 1108 598 ille
1126 534 1273 618 privatus

88 623 325 689 benevolentia
352 623 467 687 tenuit.
512 622 629 689 Nullus
656 622 761 688 honos
791 624 822 688 ei
850 623 964 707 defuit,
994 643 1098 707 neque
1126 645 1178 687 res
1208 624 1274 688 ulla

94 711 270 796 Syracusis
289 715 384 797 gesta
407 716 458 775 est
475 711 614 795 publice,
638 711 676 775 de
700 734 764 796 qua
782 711 871 795 prius
883 715 976 776 'esset
995 711 1157 776 decretum
1176 733 1273 796 quam

92 800 314 866 Timoleontis
353 804 439 864 esset
476 801 637 864 sententia
677 800 818 886 cognita.
877 799 926 865 Ac
962 800 1082 864 nullius
1119 813 1309 883 umquame

88 890 269 955 consilium
311 911 377 953 non
418 889 514 954 modo
557 888 736 954 antelatum
777 888 827 952 illi
835 938 845 972 ,
885 888 941 953 sed
977 909 1017 952 ne
1052 892 1274 971 comparatum

89 979 226 1064 quidem
260 982 319 1043 est.
374 975 487 1061 Neque
522 977 556 1042 id
589 977 695 1041 minus
733 977 905 1060 prudentia
938 976 1061 1042 factum
1094 979 1144 1042 est
1177 998 1274 1062 quam

86 1067 331 1132 benevolentia.
787 1083 795 1102 ·

187 1153 244 1220 Ν.
271 1155 389 1220 Aetate
417 1154 483 1219 iam
507 1158 679 1238 provectus
703 1174 776 1218 oum
800 1156 887 1218 esset
910 1153 1096 1237 Timoleon,
1118 1153 1187 1217 sine
1205 1153 1273 1218 ullo
1294 1166 1308 1214 1

90 1243 214 1308 morbo
232 1244 359 1308 lumina
383 1242 549 1308 oculorum
574 1243 693 1307 amisit
731 1241 837 1318 Quam
860 1243 1081 1307 calamitatem
1099 1241 1147 1306 ita
1166 1241 1274 1306 mode·

90 1335 168 1397 rate
192 1331 278 1410 tulit,
301 1335 338 1396 ut
359 1353 465 1415 neque
488 1353 561 1396 eum
585 1335 770 1416 querentem
795 1330 968 1415 quisquam
991 1329 1143 1410 audierit,
1171 1351 1274 1414 neque

92 1442 136 1485 eo
161 1421 269 1485 minus
293 1420 347 1484 ille
371 1420 508 1503 privatis
532 1421 732 1504 publicisque
755 1420 852 1484 rebus
876 1419 1069 1483 interfuerit.
1118 1416 1310 1483 Veniebata

94 1514 207 1574 autem
241 1509 275 1572 in
302 1508 483 1593 theatrum,
514 1530 587 1573 cum
616 1509 663 1573 ibi
695 1506 864 1573 concilium
896 1508 1011 1592 populi
1044 1503 1276 1593 haberetur12),

92 1600 232 1682 propter
262 1597 482 1662 valetudinem
519 1600 630 1662 vectus
668 1597 823 1661 iumentis
856 1597 992 1679 iunctis,
1025 1600 1123 1679 atque
1156 1596 1204 1660 ita
1236 1595 1275 1660 de

95 1685 249 1751 vehiculo
278 1707 361 1769 quae
389 1685 583 1750 videbantur
611 1685 748 1752 dicebat
793 1684 907 1768 Neque
935 1685 997 1749 hoe
1024 1683 1074 1747 illi
1104 1685 1275 1768 quisquam

94 1774 263 1839 tribuebat
286 1774 476 1860 superbiae:
498 1773 580 1838 nihil
599 1774 684 1838 enim
702 1795 857 1859 umquam
883 1793 988 1858 neque
1006 1772 1151 1837 insoleus
1169 1793 1274 1856 neque

96 1863 277 1948 gloriosum
307 1885 346 1926 ex
376 1884 430 1927 ore
459 1863 527 1927 eius
555 1862 641 1927 exiit.
687 1860 750 1937 Qui
777 1861 921 1946 quidem,
954 1883 1027 1926 cum
1058 1882 1134 1925 suas
1162 1860 1310 1924 laudes3

96 1951 226 2016 audiret
256 1951 450 2036 praedicari,
483 1972 660 2034 numquam
693 1949 782 2015 aliud
813 1950 895 2014 dixit
927 1971 1024 2034 quam
1054 1970 1089 2013 se
1116 1950 1151 2013 in
1179 1970 1216 2013 ea
1240 1970 1275 2013 re

94 2041 237 2105 maxime
266 2040 316 2105 dis
345 2040 468 2124 gratias
496 2059 606 2124 agere,
635 2039 734 2124 quod,
763 2061 836 2102 cum
861 2037 1006 2104 Siciliam
1031 2058 1175 2103 recreare
1199 2059 1275 2102 eon-

96 2129 298 2214 stituissent,
329 2131 399 2192 tum
423 2149 458 2192 se
477 2128 687 2213 potissimum
711 2128 824 2193 ducem
852 2149 922 2193 esse
949 2127 1135 2193 voluissent
1180 2122 1311 2190 Nihi14

96 2217 186 2281 enim
217 2239 326 2282 rerum
358 2216 573 2281 humanarum
607 2216 675 2282 sine
703 2217 835 2282 deorum
867 2217 999 2282 numine
1028 2216 1098 2300 geri
1128 2214 1276 2298 putabat.

94 2304 211 2391 Itaque
240 2328 316 2371 suae
345 2305 432 2370 domi
467 2305 622 2370 sacellum
648 2301 905 2392 Automatias¹³)
935 2305 1149 2370 constituerat
1179 2303 1275 2387 idque

96 2393 306 2459 sanctissime
329 2395 465 2459 colebat.

187 2482 227 2548 V.
259 2483 309 2548 Ac
331 2481 477 2567 prolecto
506 2481 547 2546 ad
576 2481 786 2546 excellentem
814 2481 902 2546 illius
928 2481 1082 2545 virtutem
1109 2478 1309 2543 mirabilesl

98 2575 303 2637 accesserant
330 2592 432 2635 casus.
476 2567 562 2635 Nam
590 2570 715 2654 proelia
742 2569 884 2635 maxima
907 2569 1011 2634 natali
1041 2589 1099 2633 suo
1123 2567 1174 2632 die
1197 2565 1310 2631 facita

101 2660 225 2725 omnia:
252 2680 315 2745 quo
338 2659 462 2724 factum
485 2661 536 2722 est
558 2661 595 2722 ut
618 2680 691 2723 eum
714 2658 798 2723 diem
821 2657 943 2723 festum
965 2656 1102 2721 haberet
1123 2656 1276 2720 universa

100 2747 220 2814 Sicilia.
265 2749 377 2813 Animi
401 2751 510 2812 autem
533 2747 790 2832 magnitudinem
815 2746 896 2812 haec
919 2746 1095 2811 declarant
1140 2740 1224 2809 Oum
1247 2745 1276 2808 ei

100 2835 301 2920 Laphystius
330 2836 475 2922 quidam,
503 2835 601 2900 homo
629 2835 780 2920 petulans
809 2838 843 2899 et
869 2835 1031 2920 ingratus,
1056 2833 1275 2900 vadimonium

102 2925 200 2989 vellet
226 2925 407 3010 imponere,
439 2924 525 3008 quod
553 2945 626 2989 eum
654 2924 712 2988 illo
741 2945 776 2989 se
803 2924 876 3010 lege
904 2945 1001 3010 agere
1030 2919 1210 3007 diceretu),
1243 2925 1276 2987 et

99 3015 282 3097 complures
315 3014 570 3098 concurrissent,
602 3013 657 3096 qui
688 3014 919 3097 procacitatem
951 3011 1092 3076 hominis
1125 3010 1275 3076 manibus

60 3135 66 3145 ·
98 3106 245 3167 eo'e'rcere
267 3105 471 3185 conarentur,
493 3102 663 3167 Timoleon
687 3101 794 3167 oravit
816 3101 982 3184 homines,
1003 3121 1044 3164 ne
1067 3099 1101 3163 id
1123 3099 1275 3163 facerent.

98 3188 247 3275 Namque
269 3191 303 3256 id
325 3194 363 3256 ut
387 3188 615 3276 Laphystioll)
643 3190 771 3274 liceret,
795 3211 828 3254 se
852 3189 1011 3254 maximos
1034 3187 1164 3252 labores
1189 3207 1273 3250 sum-

100 3300 217 3364 maque
242 3279 347 3344 adisse
370 3277 523 3364 pericula.
569 3277 663 3344 Hanc
686 3277 771 3341 enim
796 3273 984 3362 speeiem¹⁶)
1006 3275 1170 3340 libertatis
1194 3295 1275 3358 esse,

99 3368 140 3450 si,
168 3367 253 3452 quod
281 3369 416 3453 quisque
444 3367 556 3450 vellet,
582 3366 711 3452 legibus
741 3365 877 3450 experiri
900 3365 1022 3430 liceret.
1067 3363 1172 3447 Idem,
1202 3379 1311 3429 eume

101 3456 233 3540 quidam
261 3455 433 3541 Laphystii
466 3456 597 3541 similis,
628 3455 758 3522 nomine
790 3454 1023 3538 Demaenetus,
1054 3452 1090 3516 in
1127 3451 1276 3519 contione

100 3545 214 3628 populi
237 3544 275 3608 de
298 3546 395 3609 rebus
415 3545 516 3629 gestis
540 3544 607 3609 eius
626 3543 796 3609 detrahere
815 3543 976 3627 coepisset
998 3562 1036 3607 aa
1058 3541 1217 3607 nonnulla
1240 3539 1276 3604 in

99 3653 174 3697 eum
202 3632 421 3717 inveheretur,
447 3636 526 3698 tune
553 3633 681 3698 demum
710 3654 744 3698 se
772 3632 854 3697 dixit
876 3632 946 3697 voti
975 3652 1045 3697 esse
1072 3629 1275 3696 damnatum:

98 3743 239 3805 namque
271 3721 333 3786 hoe
367 3745 385 3787 a
413 3721 463 3786 dis
495 3721 735 3786 immortalibus
755 3742 896 3806 ,semper
927 3724 1108 3804 precatum,
1140 3722 1178 3784 ut
1205 3739 1277 3782 eam

99 3809 285 3875 libertatem
313 3812 501 3874 restitueret
529 3807 753 3894 Syracusanis,
782 3812 846 3894 qua
869 3809 971 3875 cuivis
997 3809 1122 3891 liceret,
1148 3807 1187 3871 de
1210 3827 1275 3890 quo

98 3899 206 3984 vellet,
230 3899 315 3984 quod
338 3898 446 3982 vellet,
468 3899 600 3983 impune
624 3898 736 3964 dicere.
779 3897 861 3963 Cum
888 3900 998 3963 autem
1021 3896 1107 3960 diem
1132 3897 1174 3976 [a.
1194 3893 1312 3975 337J4

136 4144 171 4214 ¹5¹)
189 4145 270 4198 snm.
289 4162 323 4198 ιι
342 4141 433 4197 nere.
452 4142 474 4213 Ι,
493 4149 518 4197 a.
752 4143 786 4213 14)
805 4146 886 4197 mm.
906 4158 940 4195 ιι
958 4139 1023 4194 nas
1037 4139 1072 4208 n,
1092 4143 1116 4194 a.
1160 4116 1161 4120 '

100 4215 259 4341 soidinDiid
277 4212 662 4340 ΐὶξηῗθΖῗΙῦἶῗιξεὲἕέξωῄἑὲ.
754 4248 787 4316 ¹⁶)
809 4247 1018 4303 Sarkastieoher
1036 4247 1110 4312 alep

102 4357 189 4412 echen
206 4355 332 4411 handelt.
755 4354 788 4424 ιι)
808 4355 882 4424 „Das
900 4353 1005 4408 mealia·

1125 4250 1141 4299 3
1161 4242 1258 4299 cuivis.
