2812 4786
469 174 503 230 11.
531 172 813 230 Tnarsssrocuns
832 179 857 229 5.
872 181 897 230 6.
1249 177 1269 241 9

97 340 236 404 subesse
254 337 395 421 credens,
417 336 574 422 postridie
593 336 791 402 alienissimo
811 337 874 402 sibi
891 338 976 422 loco,
994 339 1270 423 opportunissimo

98 428 253 493 hostibus
275 430 342 492 tam
362 430 501 512 angusto
519 426 602 490 mari
620 425 775 509 conflixit,
798 430 834 490 ut
853 426 922 491 eius
941 426 1115 494 multitudo
1138 429 1271 494 navium

101 515 255 600 explicari
283 537 350 580 non
376 519 496 601 posset.
540 512 656 579 Victus
680 521 731 578 est
756 514 858 599 igitur
880 516 985 601 magis
1013 517 1112 581 etiam
1135 519 1270 584 consilio

100 604 331 671 Themistoclis
355 625 451 688 quam
474 603 574 668 armis
599 601 761 668 Graeciae.

188 693 227 758 V.
263 693 334 758 Rex
361 693 423 757 etsi
454 692 539 757 male
566 713 635 756 rem
664 695 824 778 gesserat,
850 696 961 759 tamen
989 696 1101 759 tantas
1128 694 1305 761 habebatl

97 782 253 866 reliquias
287 782 468 867 copiarum,
495 784 532 845 ut
559 781 659 844 etiam
690 786 761 844 tum
793 781 975 865 opprimere
1006 785 1118 868 posset
1148 783 1270 850 hostes.

97 873 222 937 Iterum
245 871 288 936 ab
312 870 424 935 eodem
446 870 516 935 viro
541 869 642 954 gradu
660 869 813 952 depulsus
836 874 894 934 est.
927 868 1013 936 Nam
1033 870 1270 938 Themistocles

96 961 221 1027 veritus
248 980 290 1024 ne
322 959 445 1024 bellare
476 960 710 1041 perseveraret,
738 958 907 1023 certiorem
936 981 1008 1023 eum
1037 960 1114 1026 fecit
1144 961 1177 1026 id
1208 964 1271 1048 agi,

97 1054 137 1114 ut
158 1070 256 1133 pons,
279 1069 373 1132 quern
395 1048 450 1111 ille
472 1049 508 1110 in
531 1046 746 1130 Hellesponto
777 1046 912 1132 fecerat,
934 1048 1178 1134 dissolveretur,
1201 1051 1271 1135 ipse

99 1138 209 1202 reditu
231 1137 265 1201 in
288 1135 401 1201 Asiam
424 1136 658 1220 excluderetur,
680 1135 776 1220 idque
800 1136 829 1200 ei
851 1137 1023 1219 persuasit.
1068 1137 1183 1222 Itaque
1207 1153 1305 1225 quaa

102 1229 256 1311 quattuor
287 1224 450 1289 mensibus
484 1225 547 1289 iter
578 1224 715 1309 fecerat,
748 1224 859 1289 eadem
896 1226 1003 1290 minus
1035 1225 1148 1291 diebus
1180 1229 1272 1312 quin·

101 1315 256 1399 quaginta
273 1313 309 1378 in
324 1313 438 1378 Asiam
455 1313 589 1379 revertit
608 1335 704 1398 seque
720 1335 739 1377 a
754 1313 973 1380 Themistocle
992 1336 1058 1379 non
1076 1322 1272 1401 superatum,

98 1405 156 1468 sed
180 1406 408 1468 conservatum
434 1401 599 1466 iudicavit.
645 1401 698 1467 Sic
726 1403 822 1467 unius
845 1403 908 1468 viri
934 1404 1108 1487 prudentia
1135 1403 1272 1471 Graecia

97 1493 236 1557 liberata
268 1488 349 1577 est⁸)
382 1490 596 1574 Europaeque
630 1491 798 1555 succubuit
828 1491 918 1556 Asia.
963 1492 1052 1558 Haec
1085 1497 1135 1558 est
1167 1495 1305 1561 alterae

96 1581 247 1664 victoria,
270 1601 351 1664 quae
370 1602 443 1644 cum
462 1578 669 1644 Marathonio
688 1580 795 1662 possit
812 1583 993 1664 comparari
1012 1586 1156 1666 tropaeo.
1184 1583 1270 1649 Nam

98 1671 173 1754 pari
196 1669 291 1734 modo
311 1668 397 1752 apud
416 1665 582 1733 Salamina
600 1689 701 1751 parvo
721 1689 858 1734 numero
876 1671 1008 1734 navium
1032 1672 1174 1734 maxima
1196 1677 1272 1754 post

99 1758 269 1823 hominum
291 1757 482 1822 memoriam
505 1757 619 1822 classis
643 1761 693 1820 est
716 1756 850 1821 devicta.

188 1844 244 1910 VI.
280 1845 422 1931 Magnus
449 1846 510 1911 hoc
537 1845 622 1910 bello
653 1844 887 1910 Themistocles
919 1845 983 1909 fuit
1009 1868 1069 1911 nec
1101 1847 1207 1912 minor
1238 1848 1305 1913 inl

98 1957 187 2020 pace.
232 1933 314 2000 (lum
341 1935 427 1999 enim
453 1934 623 2022 Phalerico
651 1938 749 2018 portu
776 1956 881 2018 neque
909 1956 1029 2020 magno
1059 1957 1162 2020 neque
1184 1936 1271 2003 bono

100 2024 317 2090 Athenienses
346 2028 526 2109 uterentur,
552 2024 641 2088 illius
665 2023 802 2088 consilio
830 2025 949 2108 triplex
971 2025 1097 2090 Piraeei
1124 2023 1271 2112 portus9)

100 2113 295 2178 constitutus
328 2113 559 2196 moenibusque
596 2113 814 2178 circumdatus
847 2118 910 2194 est,
944 2118 981 2178 ut
1016 2115 1122 2197 ipsam
1159 2117 1272 2181 urbem

99 2201 261 2286 dignitate
281 2203 514 2286 aequiperaret,
533 2203 677 2266 utilitate
696 2204 872 2286 superaret.
899 2201 989 2267 Idem
1004 2225 1114 2268 muros
1135 2206 1176 2285 [a.
1191 2204 1271 2285 478]

99 2290 351 2357 Atheniensium
374 2289 520 2356 restituit
542 2292 715 2375 praecipuo
738 2292 879 2374 periculo
904 2313 971 2356 suo.
1002 2290 1152 2376 Namque
1174 2291 1306 2357 Lace-2

100 2378 265 2445 daemonii
288 2400 419 2444 causam
442 2379 592 2445 idoneam
615 2379 715 2457 nacti,
740 2401 805 2462 qua
827 2383 986 2463 negarent
1009 2384 1158 2463 oportere
1182 2383 1273 2445 extra

99 2468 360 2552 Peloponnesum
392 2469 491 2532 ullam
523 2469 638 2533 urbem
669 2489 780 2532 muros
818 2466 953 2550 habere,
983 2489 1025 2531 ne
1058 2471 1168 2532 essent
1199 2469 1273 2534 loca

100 2559 243 2641 munita,
285 2578 366 2641 quae
402 2557 512 2622 hostes
554 2556 773 2640 possiderent,
809 2555 1023 2620 Athenienses
1065 2556 1272 2622 aedificantes

99 2646 274 2731 prohibere
300 2651 376 2711 sunt
398 2644 515 2710 conati.
551 2645 624 2710 Hoc
646 2646 744 2729 longe
769 2644 832 2708 alio
857 2645 1026 2728 spectabat
1049 2648 1145 2729 atque
1169 2646 1306 2712 viderie

100 2735 265 2801 volebant.
309 2735 527 2818 Athenienses
555 2735 642 2800 enim
669 2734 793 2798 duabus
820 2734 978 2819 victoriis,
1005 2733 1213 2800 Marathonia
1241 2742 1273 2800 et

102 2822 296 2908 Salaminia,
327 2827 453 2889 tantam
486 2825 625 2908 gloriam
658 2823 743 2907 apud
775 2845 885 2888 omnes
922 2829 1036 2908 gentes
1074 2829 1167 2888 erant
1198 2846 1271 2889 con-

100 2913 217 2997 secuti,
248 2918 286 2977 ut
313 2913 540 2997 intellegerent
561 2911 809 2977 Lacedaemonii
836 2913 875 2976 de
897 2913 1083 2996 principatu
1114 2913 1177 2978 sibi
1200 2936 1270 2978 cum
1360 2964 1367 2986 ,

97 3002 142 3066 iis
171 3006 334 3067 certamen
361 3000 440 3066 fore.
486 3000 591 3077 Quare
620 3023 674 3065 eos
703 3022 798 3084 quam
827 3000 1063 3066 infirmissimos
1092 3023 1162 3066 esse
1185 3003 1270 3067 vole-

98 3090 188 3156 bcnt.
225 3089 402 3174 Postquam
425 3091 526 3175 igitur
549 3090 719 3155 audierunt
741 3111 850 3154 muros
873 3091 999 3174 instrui,
1021 3091 1146 3174 legatos
1169 3088 1269 3153 Athe·
1289 3107 1306 3155 4

98 3200 161 3243 nas
190 3178 362 3263 miserunt,
391 3179 502 3263 quiid
529 3178 598 3243 fieri
620 3181 778 3244 vetarent.
825 3177 948 3254 Quibus
974 3178 1200 3262 praesentibus
1223 3178 1271 3241 illi

100 3267 264 3332 desierunt
297 3290 334 3333 ac
363 3289 398 3332 se
426 3269 464 3332 de
493 3289 531 3332 ea
559 3289 594 3331 re
626 3267 754 3351 legatos
786 3268 942 3330 missuros
975 3267 1134 3330 dixerunt.
1179 3264 1308 3333 Hanct

99 3357 298 3440 legationem
332 3357 475 3440 suscepit
506 3355 741 3420 Themistocles
774 3358 806 3419 et
843 3354 932 3418 solus
968 3355 1074 3437 primo
1107 3353 1272 3439 profectus

100 3449 168 3509 est:
190 3445 304 3530 reliqui
326 3445 427 3529 legati
449 3448 487 3508 ut
508 3448 579 3508 tum
602 3443 739 3525 exirent,
762 3464 835 3507 cum
859 3443 938 3506 satis
960 3443 1020 3506 alti
1042 3445 1162 3509 tuendo
1186 3446 1271 3509 muri

99 3535 256 3599 exstructi
269 3533 461 3618 riderentur,
479 3533 658 3616 praecepit:
673 3531 804 3596 interim
820 3553 940 3616 omnes,
956 3533 1041 3596 servi
1060 3537 1155 3616 atque
1169 3534 1271 3617 liberi,

99 3643 182 3705 opus
201 3620 345 3688 facerent
362 3644 466 3706 neque
485 3623 545 3687 ulli
561 3623 632 3686 loco
649 3623 825 3705 parcerent,
840 3621 907 3685 sive
923 3642 1013 3686 sacer
1027 3622 1095 3687 sive
1108 3620 1273 3706 profanus,

98 3711 169 3775 sive
192 3713 339 3796 privatus
360 3715 445 3775 esset
463 3712 530 3776 sive
549 3710 709 3795 publicus,
728 3713 761 3775 ct
782 3711 923 3794 undique
948 3710 1034 3794 quod
1060 3712 1212 3776 idoneum
1231 3712 1271 3775 ad

99 3800 311 3865 muniendum
338 3803 505 3884 putarent,
527 3802 747 3883 congererent.
793 3799 863 3876 Quo
886 3799 1009 3863 factum
1038 3804 1147 3864 estut
1170 3799 1271 3864 Athe-

99 3890 262 3954 niensium
285 3890 370 3953 muri
387 3889 439 3953 vel
461 3910 500 3952 ex
523 3888 651 3952 sacellis
675 3889 894 3972 sepulcrisque
918 3892 1113 3953 constarent.

144 4133 166 4203 8)
196 4132 276 4188 Doch
308 4134 386 4188 blieb
418 4133 579 4190 Mardonius
608 4133 661 4187 mit
751 4132 773 4201 ⁹)
800 4130 857 4185 Der
875 4133 990 4186 Ausbau
1012 4132 1061 4186 des
1084 4132 1197 4185 Pir'aeus
1223 4129 1271 4184 be·

99 4208 217 4260 300000
235 4204 321 4259 Manu
341 4205 539 4276 Kerntruppen
552 4205 582 4258 in
595 4203 661 4259 Hel·
715 4220 791 4272 genn
815 4202 902 4258 echon
924 4221 976 4258 vor
998 4204 1062 4257 dem
1080 4200 1201 4255 Einfalle
1224 4201 1272 4256 des

97 4276 144 4330 las
162 4276 268 4329 zurficlr
286 4276 343 4330 und
362 4278 456 4332 wurde
475 4277 533 4332 eret
549 4278 589 4330 im
607 4275 661 4330 fol·
714 4274 832 4342 Xerxes,
851 4274 947 4329 wurde
966 4272 1033 4328 aber
1056 4275 1113 4327 erst
1131 4277 1183 4327 477
1201 4271 1273 4328 voll-

96 4347 214 4417 genden
226 4347 312 4401 Jahre
330 4348 447 4417 besicgt.
715 4346 808 4402 endet.
