2812 4786
495 112 560 181 xv„
583 107 855 164 urnmuouons.
880 81 938 165 10.¹
1250 111 1295 176 55

102 274 398 358 Lacedaemoniis,
422 275 492 360 qui,
516 275 601 359 quod
623 274 659 337 in
688 272 783 336 unius
806 272 947 355 pernicie
974 273 1043 337 eius
1066 275 1193 358 patriae
1216 297 1293 341 suae

102 365 220 428 sitam
248 363 408 446 putabant
436 365 587 446 salutem,
615 360 757 427 universi
783 360 818 423 in
840 382 939 425 unum
967 361 1125 446 impetum
1146 362 1294 429 fecerunt

101 472 230 535 nequo
252 452 344 535 prius
368 453 606 535 abscesserunt,
636 472 733 534 quam
756 469 878 534 magna
893 450 1063 534 'utrimque
1086 451 1181 516 caede
1204 451 1293 519 facta

95 539 299 605 fortissime
329 546 544 625 pugnantem,
581 561 677 623 sparo
719 537 844 602 eminus
884 559 1086 622 percussum,
1127 540 1293 606 concidere

95 627 277 694 viderunt.
321 626 401 693 Eius
424 650 501 694 casn
524 629 729 714 aliquantum
751 627 909 709 retardati
932 633 1010 692 sunt
1027 627 1166 711 Boeotii,
1189 648 1328 714 nequer

96 721 232 783 tamen
248 717 338 799 prius
358 737 468 802 pugna
486 720 699 799 excesserunt,
714 737 813 800 quam
831 718 1051 800 repugnantes
1068 717 1293 804 profligarunt.

99 805 160 869 Ae
191 803 452 890 Epaminondas,
479 828 551 871 cum
580 804 853 871 animadverteret
880 805 1081 870 mortiferum
1111 828 1145 871 se
1174 807 1328 873 vulnuse

99 893 282 977 accepisse
319 893 491 979 simulque,
528 896 556 960 si
588 895 723 976 ferrum,
759 892 844 977 quod
878 914 917 957 ex
949 891 1061 958 hastili
1092 894 1127 958 in
1158 917 1293 981 corpore

102 987 331 1062 remanserat,
360 984 565 1067 extraxisset,
593 983 735 1048 animam
763 980 874 1046 statim
899 980 1106 1065 emissurum,
1128 1005 1230 1067 usque
1253 1005 1292 1049 eo

103 1069 261 1151 retinuit,
285 1070 390 1154 quoad
413 1072 633 1137 renuntiatum
657 1075 707 1135 est
726 1069 840 1134 vicisse
859 1069 1021 1135 Boeotios.
1059 1069 1097 1135 Id
1116 1076 1291 1156 postquam
1311 1091 1328 1138 4

109 1158 253 1239 audivit,
281 1156 386 1223 ‘satis'
409 1161 516 1244 inquit
539 1159 630 1224 nixi:
653 1159 792 1224 invictus
812 1159 898 1223 enim
921 1157 1062 1224 morior’.
1100 1159 1184 1224 Tum
1206 1161 1292 1227 ferro

111 1249 267 1311 abacto
290 1247 462 1313 confestim
485 1249 687 1314 exanimatus
710 1252 770 1314 est

206 1333 247 1398 X.
271 1332 413 1400 Uxorem
430 1358 608 1422 numquam
627 1336 726 1401 duxit
763 1336 802 1401 In
820 1357 884 1420 quo
908 1357 981 1400 cum
1004 1337 1292 1420 reprehenderetur
1312 1357 1326 1405 1

114 1445 135 1488 a
148 1422 318 1508 Pelopida,
336 1425 392 1508 qui
409 1425 512 1490 filium
530 1426 673 1491 habebat
689 1424 855 1509 infamem,
874 1426 1019 1510 maleque
1038 1427 1073 1489 in
1092 1447 1130 1491 eo
1154 1427 1293 1510 quidem,

116 1511 206 1596 quod
238 1512 358 1577 liberos
389 1534 455 1579 non
486 1515 698 1599 relinqueret,
729 1514 857 1597 patriae
889 1515 1056 1579 consulere
1093 1519 1293 1600 argueretur,

114 1597 214 1665 ‘vide'
245 1599 352 1684 inquit
384 1600 436 1666 ‘ne
463 1605 501 1666 tu
527 1603 620 1687 peius
649 1601 814 1685 consulas,
846 1602 901 1685 qui
928 1603 1027 1666 talem
1055 1624 1093 1666 ex
1119 1607 1152 1667 te
1180 1607 1292 1668 natum

114 1688 288 1754 relicturus
312 1689 367 1754 sis.
412 1688 527 1774 Neque
550 1712 626 1755 vero
649 1693 747 1772 stirps
771 1692 878 1772 potest
901 1690 982 1754 mihi
1005 1690 1129 1755 deesse:
1152 1712 1327 1776 namquea

116 1799 156 1841 ex
183 1798 237 1841 me
263 1781 374 1842 natam
402 1779 547 1864 relinquo
575 1799 720 1864 pugnam
747 1777 964 1862 Leuctricam,
991 1800 1072 1862 quae
1100 1801 1167 1843 non
1194 1779 1291 1844 modo

115 1863 200 1929 mihi
228 1870 406 1951 superstes,
438 1867 494 1932 sed
522 1868 619 1932 etiam
646 1868 840 1932 immortalis
870 1867 913 1931 sit
944 1888 1074 1932 necesse
1102 1867 1173 1933 est'.
1219 1867 1326 1944 Quos

114 1957 264 2039 tempore
286 1955 366 2019 duce
389 1953 590 2042 Pelopidam)
618 1957 744 2021 exsules
768 1955 896 2021 Thebas
925 1961 1124 2040 occuparunt
1148 1959 1191 2038 [a.
1209 1958 1289 2039 379]

115 2045 149 2107 et
177 2042 374 2124 praesidium
402 2043 731 2110 Lacedaemoniorum
761 2066 799 2109 ex
827 2066 900 2110 arce
924 2046 1129 2130 expulerunt,
1158 2046 1292 2131 Epami-

102 2131 250 2214 nondas,
273 2132 425 2215 quamdiu
442 2133 533 2198 facta
556 2137 606 2198 est
624 2133 737 2198 caedes
757 2133 884 2216 civium,
907 2132 994 2198 domi
1014 2156 1048 2199 se
1066 2135 1182 2219 tenuit,
1204 2137 1289 2220 quod

113 2239 220 2302 neque
241 2220 346 2285 malos
368 2220 541 2286 defendere
563 2223 695 2288 volebat
716 2244 820 2306 neque
843 2244 958 2287 manus
978 2244 1110 2288 suorum
1132 2226 1289 2308 sanguine

114 2311 296 2373 cruentare:
315 2330 455 2394 namque
475 2333 604 2376 omnem
623 2311 750 2376 civilem
767 2311 938 2376 victoriam
957 2310 1121 2375 funestam
1143 2312 1290 2394 putabat.

114 2393 219 2474 Idem,
247 2401 420 2482 postquam
448 2399 534 2482 apud
559 2396 732 2464 Cadmeam
760 2421 833 2464 cum
856 2399 1120 2463 Lacedaemoniis
1149 2400 1291 2485 pugnari

115 2488 268 2568 coeptum
290 2491 349 2570 est,
372 2486 408 2549 in
429 2487 542 2572 primis
567 2488 666 2552 stetit.

204 2571 268 2638 Sed
295 2573 334 2638 de
361 2575 449 2639 illius
473 2576 534 2640 viri
556 2575 731 2641 virtutibus
754 2577 884 2660 vitaque
908 2576 988 2641 satis
1013 2577 1074 2641 erit
1098 2576 1232 2662 dictum,
1261 2578 1326 2647 siu

114 2680 216 2725 unum
237 2660 301 2726 hoc
324 2662 512 2747 adiunxere,
535 2665 623 2748 quod
644 2685 740 2729 nemo
763 2664 826 2728 ibit
848 2664 978 2747 infitias,
1001 2664 1132 2731 Thebas
1157 2671 1289 2732 etanta

114 2747 376 2833 Epaminondam
394 2754 507 2817 natum
527 2757 649 2837 etpost
663 2752 806 2818 eiusdem
824 2752 992 2819 interitum
1005 2759 1161 2838 perpetuo
1181 2756 1290 2821 alieno

115 2837 263 2918 paruisse
290 2839 440 2922 imperio,
464 2845 580 2906 contra
601 2863 653 2926 ea,
681 2863 778 2925 quam
802 2841 856 2906 diu
880 2842 936 2906 ille
960 2843 1137 2926 praefuerit
1159 2845 1207 2908 rei
1229 2868 1290 2929 pu·

116 2925 229 3010 blicae,
252 2934 350 3010 eaput
368 2927 467 2994 fuisse
487 2928 819 3011 totiuseraecrae21).
856 2930 907 2994 Ex
926 2953 991 3015 quo
1013 2931 1162 3016 intellegi
1180 2936 1290 3016 potest

114 3034 216 3079 unum
238 3014 403 3081 hominem
425 3018 529 3101 pluris
553 3041 651 3102 quam
675 3018 839 3084 ciuitatem
864 3019 972 3084 fuisse.

150 3204 188 3343 iil
206 3204 287 3330 tlt
306 3207 495 3333 hietat
516 3214 672 3334 hesse.
727 3208 862 3334 titt}
885 3208 1113 3348 hillidii
1137 3210 1290 3336 §attin

116 3344 201 3416 hung.
215 3345 332 3402 Theben
340 3349 419 3404 hatte
429 3347 581 3419 allerdings
592 3354 673 3404 unter
727 3349 823 3404 zelnen
834 3347 945 3404 Staates
955 3349 1113 3419 flberhaupt
1121 3350 1204 3407 keine
1212 3353 1290 3409 Reda

116 3415 324 3497 Epaminondas
351 3420 403 3474 auf
431 3419 477 3475 ein
504 3421 674 3475 Jahraehent
727 3422 806 3475 mehr
824 3418 884 3474 sein
901 3420 985 3475 kann.
1023 3421 1083 3475 Nur
1102 3421 1148 3478 die
1164 3423 1290 3479 Athener

114 3502 177 3543 eme
192 3487 364 3558 Hegemonie
377 3508 411 3545 au
425 3490 529 3558 hande,
546 3491 613 3545 aber
627 3491 673 3544 nie
729 3492 828 3545 hatten
843 3493 916 3546 noch
931 3491 1040 3561 wenige
1054 3492 1141 3548 Jabre
1159 3493 1223 3549 sine
1238 3496 1290 3550 Art

116 3572 163 3611 aur
182 3558 243 3613 See.
279 3561 343 3615 Und
361 3563 439 3616 sonet
456 3561 508 3614 hat
528 3578 558 3616 es
576 3561 676 3616 immor
729 3560 945 3616 Seeherrschaft
971 3561 1040 3616 Eine
1055 3564 1187 3621 ‘ahnliche
1201 3554 1289 3621 llber-

116 3627 177 3683 eine
208 3630 327 3699 gewisse
355 3632 598 3702 Selbstandigkeit
630 3634 675 3687 be·
727 3632 861 3702 trsibung
892 3634 969 3688 steht
1000 3650 1047 3688 am
1075 3634 1207 3693 Schlusse
1239 3637 1289 3692 des

117 3696 242 3768 hauptot.
275 3699 356 3756 Nach
371 3702 434 3756 dem
450 3703 526 3757 Tode
542 3703 589 3758 des
603 3704 675 3772 Epa·
728 3701 877 3758 Eumenes.
910 3705 1078 3761 Rhetorisch
1096 3706 1135 3762 ist
1152 3708 1225 3763 auch
1244 3709 1289 3763 die

116 3767 263 3826 minondas
281 3789 339 3827 war
358 3771 403 3828 die
422 3772 590 3842 allgemeine
607 3773 675 3828 Eut-
729 3774 881 3844 Wendung
899 3776 995 3832 Thrae.
1014 3777 1035 3844 I,
1055 3781 1083 3832 2.v
