2812 4786
126 151 170 216 24
512 151 571 240 Vll.
598 150 822 207 ALCIBIADES.
846 158 871 206 6.
887 156 911 206 7.

128 315 183 400 qui
210 315 309 400 paulo
338 316 413 379 ante
443 313 580 379 victores
609 315 794 400 viguerant,
826 312 990 396 perterriti
1016 334 1131 396 pacem
1160 314 1205 394 [a.
1223 313 1301 394 410]

128 408 285 488 peterent.
330 402 419 467 Victi
443 403 529 467 enim
558 408 651 468 erant
680 403 900 485 compluribus
922 401 1054 486 proeliis
1083 403 1303 486 terrestribus,

127 493 234 556 tribus
261 491 449 573 navalibus,
476 491 593 575 quibus
625 491 778 557 ducentas
804 513 904 555 naves
936 490 1083 554 triremes
1117 489 1302 573 amiserant,

129 603 212 664 quae
236 581 287 644 vel
316 579 481 644 demersae
505 583 599 644 erant
621 581 673 644 vel
702 583 815 664 captae
839 580 874 643 in
896 578 1039 644 hostium
1068 587 1224 642 venerant
1246 600 1301 663 po·

129 671 292 734 testatem.

95 774 108 822 1
219 755 275 823 VI.
317 756 503 821 Alcibiades
541 756 637 820 simul
670 777 742 820 cum
776 756 909 841 collegis
941 759 1109 840 receperat
1120 752 1159 842 16)
1190 753 1300 820 Ioniae

128 848 267 929 partem,
291 845 554 930 Hellespontum,
578 845 698 909 multas
721 849 888 928 praeterea
915 845 1011 908 urbes
1036 842 1193 927 Graecae,
1222 866 1300 928 quae

128 936 162 997 in
192 957 249 999 ora
278 935 358 999 sitae
387 938 463 998 sunt
486 933 679 1014 Thraeciae,
702 955 838 1016 quarum
862 935 1086 1016 expugnarant
1109 932 1300 1016 complures,

127 1022 161 1086 in
184 1022 236 1087 his
260 1022 466 1107 Byzantium,
488 1043 592 1105 neque
616 1021 722 1086 minus
746 1023 868 1085 multas
892 1021 1027 1085 consilio
1059 1020 1099 1084 ad
1124 1021 1299 1086 amicitiam

93 1127 109 1175 a
130 1111 351 1196 adiunxerant,
375 1111 460 1195 quod
484 1111 518 1174 in
537 1113 650 1197 captos
670 1110 841 1175 clementia
859 1109 988 1174 fuerant
1006 1109 1065 1173 usi.
1092 1108 1145 1173 Ita
1169 1110 1297 1191 [atos]

129 1199 277 1264 maximis
305 1199 402 1264 rebus
430 1199 532 1284 gestis
560 1199 681 1282 praeda
708 1199 817 1263 onusti
840 1198 988 1263 Athenas
1012 1202 1178 1262 venerunt.
1227 1196 1299 1273 Qui-

128 1289 188 1353 bus
221 1310 294 1353 oum
326 1287 456 1352 obviam
489 1286 640 1351 universa
673 1288 787 1351 civitas
815 1287 849 1351 in
877 1286 1046 1351 Piraeeum
1077 1286 1299 1370 descendisset,

128 1380 221 1441 tanta
247 1375 311 1440 fuit
338 1376 481 1440 omnium
512 1376 711 1461 exspectatio
735 1375 860 1440 visendi
883 1375 1077 1458 Alcibiadis,
1104 1378 1142 1439 ut
1169 1375 1210 1439 ad
1235 1376 1298 1440 eius

131 1465 296 1528 triremem
328 1464 444 1549 vulgus
477 1464 666 1547 conflueret,
697 1464 832 1548 proinde
861 1486 898 1529 ao
926 1464 954 1528 si
987 1464 1075 1528 solus
1109 1463 1300 1530 advenisset.

95 1551 184 1618 essic
218 1553 304 1616 enim
331 1553 452 1637 populo
481 1557 551 1617 erat
581 1574 785 1637 persuasum,
813 1556 846 1616 et
874 1553 1026 1617 adversas
1056 1552 1240 1634 superiores
1271 1558 1300 1616 et

129 1644 316 1726 praesentes
340 1642 497 1706 secundas
521 1663 573 1706 res
593 1641 747 1706 accidisse
771 1641 858 1705 illius
882 1662 990 1724 opera.
1027 1640 1140 1724 Itaque
1160 1645 1194 1705 et
1217 1663 1299 1706 exer·

129 1731 229 1797 citum
252 1730 287 1794 in
307 1727 417 1795 Sicilia
440 1731 597 1796 amissum
616 1735 649 1794 et
668 1730 997 1795 Lacedaemoniorum
1016 1729 1169 1794 victorias
1190 1731 1299 1813 culpae

131 1842 208 1885 suae
231 1819 430 1903 tribuebant,
454 1821 539 1903 quod
563 1819 663 1883 talem
681 1819 786 1883 virum
810 1841 826 1882 e
847 1818 981 1882 civitate
1000 1817 1209 1902 expulissent.
1243 1817 1299 1882 Ne·

130 1929 191 1991 que
219 1908 251 1972 id
280 1907 349 1972 sine
377 1929 474 1972 eausa
502 1907 655 1971 arbitrari
683 1907 886 1973 videbantur.
932 1905 1024 1978 Nam,
1046 1910 1225 1990 postquam
1248 1907 1299 1970 ille

132 1996 286 2059 exercitui
306 2016 453 2078 praeesse
469 1998 628 2078 coeperat,
641 2017 745 2079 neque
759 2001 847 2060 terra
861 2017 964 2079 neque
978 1995 1061 2059 mari
1079 1995 1193 2060 hostes
1209 2017 1299 2078 pares

94 2099 201 2147 cesse
233 2086 418 2165 potuerant.
464 2082 508 2148 Ut
539 2083 641 2168 igitur
672 2105 689 2147 e
720 2083 795 2148 navi
827 2105 975 2168 egressus
1009 2086 1072 2167 est,
1105 2105 1300 2167 quamquam

130 2171 323 2254 Thrasyllus
351 2175 384 2235 et
405 2169 629 2255 Thrasybulus
651 2172 755 2237 isdem
778 2173 874 2236 rebus
902 2172 1112 2256 praefuerant
1142 2173 1300 2256 simulque

132 2264 285 2325 venerant
300 2260 335 2323 in
348 2258 527 2344 Piraeeum,
540 2264 653 2324 tamen
666 2282 764 2324 unum
780 2282 892 2325 omnes
907 2260 1001 2324 illum
1015 2262 1302 2344 prosequebantur,

130 2353 172 2434 et,
186 2349 218 2413 id
234 2349 319 2434 quod
334 2370 512 2432 numquam
526 2349 594 2413 fere
608 2353 704 2414 antea
717 2371 778 2413 usu
793 2352 926 2413 venerat
938 2348 1002 2413 nisi
1017 2348 1187 2435 Olympiae
1202 2350 1302 2414 victo-

130 2439 231 2522 ribus,
245 2439 373 2503 coronis
387 2437 507 2501 laureis
522 2437 703 2522 taeniisque
717 2439 816 2522 vulgo
831 2437 1020 2503 donabatur.
1049 2437 1109 2501 llle
1127 2439 1304 2503 lacrimans

130 2528 231 2592 talem
263 2526 523 2591 benevolentiam
555 2526 674 2591 civium
706 2548 837 2591 suorum
866 2526 1059 2610 accipiebat,
1087 2526 1254 2591 reminisci
1265 2523 1304 2612 17)

96 2614 263 2698 spristini
290 2615 446 2697 temporis
475 2614 695 2680 acerbitatem.
739 2614 919 2699 Postquam
943 2616 976 2678 in
1000 2618 1073 2678 astu
1096 2615 1199 2698 venit,
1230 2636 1306 2680 con-

131 2703 220 2767 tione
243 2701 401 2767 advocata
425 2703 471 2767 sic
488 2704 588 2768 verba
610 2703 697 2782 fecit,
720 2708 758 2768 ut
776 2725 870 2768 nemo
894 2707 963 2767 tam
980 2702 1069 2767 ferus
1091 2702 1200 2786 fuerit,
1225 2705 1307 2788 quin

133 2791 201 2855 eius
225 2791 314 2854 casui
338 2790 543 2855 illacrimarit
566 2791 795 2875 inimicumque
817 2792 883 2856 illis
902 2813 936 2856 se
956 2791 1141 2874 ostenderit,
1165 2813 1307 2875 quorum

132 2900 231 2963 opera
258 2878 364 2961 patria
391 2878 504 2961 pulsus
527 2878 647 2962 fuerat,
676 2881 809 2965 proinde
833 2903 870 2946 ac
894 2881 923 2944 si
951 2880 1033 2944 alius
1056 2879 1209 2965 populus,
1238 2902 1308 2945 non

97 2984 112 3032 6
132 2967 187 3031 ille
210 2967 290 3051 ipse,
314 2967 368 3050 qni
392 2971 461 3030 tum
484 2966 591 3050 flebat,
615 2990 686 3032 eum
712 2969 872 3054 sacrilegii
896 2969 1093 3033 damnasset.
1137 2968 1308 3033 Restituta

133 3077 209 3139 ergo
229 3055 259 3119 ei
282 3060 359 3121 sunt
377 3055 504 3140 publice
523 3056 619 3141 bona,
641 3057 790 3143 idemque
808 3058 857 3122 illi
875 3057 1091 3142 Eumolpidae
1110 3057 1308 3139 sacerdotes,

133 3145 187 3229 qui
211 3166 285 3209 eum
308 3145 520 3228 devoverant,
543 3167 654 3210 rursus
679 3149 807 3230 expiare
831 3150 908 3211 sunt
936 3147 1056 3229 eoacti,
1083 3147 1212 3229 pilaque
1237 3146 1309 3230 illa,

131 3235 166 3298 in
189 3256 253 3318 qua
275 3233 406 3299 devotio
431 3234 537 3300 hierat
560 3234 727 3319 inscripta,
750 3235 785 3298 in
808 3256 896 3300 mare
918 3234 1141 3319 praecipitata.

98 3340 112 3387 1
220 3320 293 3387 VII.
325 3321 415 3387 Haec
429 3321 593 3387 Alcibiadi
612 3323 740 3387 laetitia
753 3345 818 3388 non
833 3321 930 3387 nimis
943 3323 1007 3387 fuit
1021 3324 1182 3388 diuturna.
1214 3320 1308 3395 Nam

132 3432 206 3476 cunr
226 3411 255 3473 ei
275 3433 386 3474 omnes
406 3416 515 3476 essent
537 3411 676 3476 honores
697 3411 816 3475 decreti
839 3415 974 3496 totaque
993 3433 1044 3476 res
1063 3411 1195 3494 publica
1213 3411 1308 3477 domi

132 3499 271 3582 bellique
290 3499 421 3580 tradita,
443 3503 481 3563 ut
499 3499 594 3565 unius
612 3499 748 3564 arbitrio
768 3503 944 3584 gereretur,
963 3505 996 3565 et
1015 3501 1086 3584 ipse
1104 3499 1309 3584 postulasset

131 3591 168 3651 ut
191 3587 253 3650 duo
278 3587 341 3651 sibi
365 3587 509 3672 collegae
532 3586 695 3673 darentur,
717 3609 821 3671 neque
843 3587 876 3651 id
898 3592 1055 3671 negatum
1079 3592 1174 3668 esset,
1197 3588 1306 3654 classe

130 3675 165 3738 in
188 3673 302 3739 Asiam
329 3675 510 3759 profectus,
538 3676 623 3759 quod
652 3678 736 3760 apud
764 3676 931 3760 Ephesum
959 3678 1065 3741 minus
1093 3699 1132 3742 ex
1156 3679 1198 3759 [a.
1221 3678 1306 3758 407]

95 3763 294 3830 asententia
320 3785 389 3828 rem
418 3769 577 3847 gesserat,
603 3765 638 3828 in
664 3764 820 3830 invidiam
848 3764 978 3830 recidit:
1004 3764 1086 3830 nihil
1115 3765 1200 3830 enim
1230 3787 1305 3830 eum

129 3874 196 3917 non
225 3873 319 3934 posse
344 3851 470 3916 efficere
493 3852 662 3918 ducebant
706 3852 758 3917 Ex
781 3875 843 3937 quo
872 3854 972 3918 fiebat
995 3857 1032 3918 ut
1055 3856 1165 3919 omnia
1194 3855 1306 3920 minus

129 3962 284 4027 prospere
304 3945 396 4026 gesta
411 3942 525 4025 culpae
540 3941 609 4006 eius
627 3942 815 4025 tribuerent,
834 3964 906 4007 cum
922 3945 978 4006 aut
993 3965 1067 4007 eum
1074 3940 1112 4029 18)
1131 3942 1306 4029 neglegen-

169 4097 201 4168 16)
219 4096 283 4152 Von
297 4096 358 4152 hier
372 4115 409 4152 an
422 4097 555 4152 berichem
569 4097 630 4152 sich
643 4097 689 4155 die
783 4098 815 4165 ¹⁷)
834 4098 915 4152 Anm.
935 4116 968 4152 zu
987 4097 1067 4153 Eum.
1086 4097 1134 4165 IX,
1153 4103 1177 4152 1.

129 4167 309 4238 Plusquamp.
329 4169 409 4224 nieht
426 4168 507 4223 mehr
525 4169 576 4224 anf
591 4184 689 4239 pacem
782 4169 814 4239 ¹l)
833 4167 886 4224 Die
910 4167 1119 4238 Einsehiebung
1142 4167 1219 4224 eines
1244 4173 1309 4227 ton·

130 4241 259 4308 peterent
277 4241 367 4308 (410),
390 4241 509 4295 sondern
533 4239 583 4294 aut
603 4238 689 4294 Athe·
742 4240 820 4295 losen
843 4241 1013 4294 Pronomens
1037 4239 1131 4294 hinter
1154 4239 1233 4295 einer
1258 4243 1308 4297 be·

129 4325 180 4364 nas
199 4316 337 4367 venerunt
355 4314 428 4380 (408)
447 4309 494 4381 VI,
513 4316 538 4366 2.
742 4312 840 4366 tonten
862 4311 990 4365 Partilrel
1012 4310 1080 4365 leret
1103 4311 1162 4366 sich
1180 4310 1308 4368 vielfach
