2812 4786
131 144 175 211 30
564 145 612 200 IX.
641 143 774 201 OONON.
799 151 824 199 2.
843 150 869 202 d.

96 323 110 371 1
219 308 263 375 ΙΙ.
298 308 337 372 In
360 309 456 373 rebus
480 310 586 372 autem
614 307 743 371 afflictis
773 329 840 373 non
863 307 1035 391 quaesivit,
1058 309 1115 373 ubi
1137 310 1212 395 ipse
1234 316 1302 380 tuto

130 399 269 481 vireret,
298 397 353 461 sed
380 396 464 461 unde
493 395 655 480 praesidio
683 400 795 479 posset
817 418 887 461 esse
917 398 1040 461 civibus
1065 399 1143 464 suis.
1191 397 1301 486 Itaque

130 487 244 551 relicta
265 484 385 568 Cypro,
404 506 467 568 qno
487 506 525 548 ex
544 486 624 569 fuga
650 506 684 548 se
703 489 877 570 receperat,
895 485 1033 550 contulit
1053 508 1087 550 se
1107 487 1147 550 ad
1162 485 1300 555 Pharna·

130 577 257 657 hazum,
280 576 444 656 satrapem
462 571 676 656 Dascylitidis
695 573 882 658 provinciae
901 574 1103 659 eundemque
1122 577 1212 661 regis
1234 601 1300 662 pro·

131 664 303 748 pinquum:
327 662 412 745 apud
436 682 532 744 quem
555 664 592 725 ut
615 661 754 726 multum
778 662 885 746 gratia
908 662 1042 745 valeret,
1066 664 1171 729 multo
1195 666 1298 732 labore

95 762 112 811 a
132 751 307 835 multisque
331 749 437 816 effecit
460 750 611 834 periculis
635 750 820 815 subeundis.
855 748 944 815 Nam
963 772 1036 815 eum
1054 752 1297 821 Lacedaemonii

131 839 388 905 Atheniensibus
411 839 545 904 devictis
573 840 608 901 in
631 840 787 903 societate
810 860 875 904 non
898 843 1080 924 manerent,
1109 863 1210 925 quam
1233 865 1295 909 cum

132 930 322 993 Artaxerxis
341 930 433 1012 patre
447 925 548 992 Dario
562 926 714 1010 fecerant,
732 927 877 1012 duosque
892 927 1040 1012 deinceps
1055 927 1187 1017 duces³)
1207 932 1296 998 bella·

131 1022 200 1081 tum
229 1017 394 1081 misissent
425 1016 460 1079 in
487 1015 615 1098 Asiam,
641 1016 702 1081 hos
734 1015 886 1080 adversus
915 1016 1145 1082 Pharnabazus
1173 1020 1295 1086 habitus
1338 1034 1340 1041 '

132 1109 182 1170 est
204 1105 390 1189 imperator,
412 1125 446 1168 re
466 1104 594 1187 quidem
614 1125 691 1169 vera
709 1105 863 1169 exercitui
881 1106 1022 1188 praefuit
1039 1104 1153 1172 Conon
1174 1109 1295 1194 eiusque
1337 1144 1340 1163 ι

95 1195 241 1260 somnia
274 1194 408 1257 arbitrio
439 1196 532 1275 gesta
564 1196 648 1258 sunt.
693 1191 807 1276 Itaque
837 1193 893 1257 illo
925 1194 1079 1258 suadente
1109 1218 1129 1260 a
1161 1197 1205 1276 [a.
1223 1199 1291 1280 397]

130 1303 208 1368 rege
232 1281 272 1347 ad
296 1303 385 1345 mare
404 1285 456 1344 est
477 1281 605 1362 missus,
628 1285 664 1344 ut
683 1279 812 1366 Cypriis
832 1286 865 1346 et
882 1281 1097 1348 Phoenicibus
1122 1287 1291 1371 ceterisque

131 1371 305 1434 maritimis
330 1368 515 1435 civitatibus
543 1391 643 1434 naves
666 1370 782 1455 longas
804 1370 979 1456 imperaret
1001 1371 1217 1456 classemque,
1243 1398 1294 1460 qua

94 1469 112 1516 4
133 1480 221 1522 mare
240 1457 325 1522 tueri
343 1461 464 1541 posset,
482 1462 692 1541 compararet.
721 1458 783 1523 Sed
803 1481 841 1522 ea
859 1459 1009 1542 persequi
1022 1458 1294 1540 Lacedaemonios,

131 1548 186 1631 qui
216 1546 317 1612 misso
347 1547 381 1610 in
410 1545 524 1610 Asiam
555 1569 681 1611 summo
712 1548 792 1611 duce
826 1547 980 1631 Agesilao
1007 1548 1129 1613 bellum
1160 1552 1204 1631 [a.
1223 1551 1291 1632 396]
1337 1588 1340 1653 Ι

130 1638 379 1717 renovaverant,
407 1635 589 1720 prohibitus
621 1639 670 1699 est
699 1635 839 1700 militum
870 1635 1039 1720 seditione,
1068 1638 1122 1723 qui
1152 1660 1173 1702 a
1197 1638 1292 1704 'lissa-
1338 1656 1340 1737 l

131 1725 253 1808 pherne
277 1724 438 1806 stipendio
460 1721 737 1806 fraudabautnrl).
1338 1780 1340 1815 ;

96 1822 110 1870 1
219 1812 276 1876 ΠΙ.
312 1810 484 1877 Defecerat
517 1835 536 1877 a
563 1832 637 1896 rege
665 1811 914 1896 Tissaphernes,
947 1817 1094 1897 satrapes
1126 1813 1241 1880 Ioniae
1269 1819 1294 1878 et

131 1900 266 1984 Lydiae,
288 1922 392 1984 neque
415 1901 448 1964 id
472 1905 541 1965 tam
563 1900 737 1965 Artaxerxi
760 1923 858 1983 quam
881 1900 1091 1966 Pharnabazo
1120 1908 1154 1966 et
1177 1900 1294 1969 Ocnoni

131 1992 201 2052 erat
229 1985 425 2076 apertumq:
453 1989 564 2052 multis
588 1989 673 2052 enim
701 1989 891 2073 magnisque
919 1990 1043 2054 meritis
1071 1991 1156 2074 apud
1184 2012 1295 2076 regem,

132 2077 231 2141 etiam
250 2097 322 2140 cum
346 2077 380 2140 in
399 2075 507 2141 officio
527 2098 593 2142 nou
616 2083 770 2161 maneret,
792 2077 932 2142 valebat.
962 2078 1076 2162 Neque
1094 2079 1127 2142 id
1151 2084 1224 2146 erat
1245 2081 1294 2145 mi·

130 2166 281 2247 randum,
311 2164 339 2228 si
366 2186 433 2229 nou
460 2164 555 2229 facile
582 2165 639 2229 ille
663 2166 703 2230 ad
731 2165 923 2230 credendum
951 2165 1183 2251 adducebatur,
1212 2170 1296 2234 remi·

95 2254 258 2319 aniscens
282 2254 351 2317 eius
375 2275 410 2318 se
429 2274 528 2338 opera
546 2252 665 2338 cyrum
688 2254 823 2318 fratrem
843 2251 1055 2342 superasse⁶).
1087 2255 1194 2321 Huius
1216 2279 1297 2324 accu-

131 2343 223 2407 sandi
251 2342 359 2427 gratia
382 2340 496 2407 Conon
523 2343 563 2406 sd
591 2363 701 2428 regem
730 2342 894 2427 profectus
918 2347 1129 2428 posteaquam
1159 2347 1203 2426 [a.
1223 2345 1294 2427 395]

28 2476 31 2480 ⁴
129 2432 231 2512 venit,
260 2431 400 2516 primum
423 2452 462 2495 ex
485 2453 575 2496 more
599 2430 773 2495 Persarum
796 2431 837 2495 ad
860 2431 1088 2517 chiliarchum,
1110 2435 1167 2516 qui
1191 2456 1296 2500 secun-

131 2519 207 2584 dum
226 2520 361 2604 gradum
379 2521 507 2603 imperii
525 2521 667 2602 tenebat,
685 2518 907 2584 Tithraustem
926 2521 1063 2586 accessit
1081 2543 1178 2606 seque
1199 2528 1296 2589 osteu-

131 2608 180 2671 dit
207 2629 280 2671 cum
308 2628 384 2693 rege
407 2609 549 2691 colloqui
572 2609 669 2691 velle,
692 2629 787 2672 nemo
811 2608 897 2671 enim
928 2609 998 2673 sine
1021 2609 1084 2674 hoc
1108 2610 1294 2677 admittitur.

95 2705 111 2752 a
131 2694 194 2770 Qui
216 2695 265 2758 illi
288 2693 410 2760 ‘nulla'
433 2697 540 2778 inquit
562 2694 668 2762 'mora
691 2702 756 2778 est,
786 2696 843 2760 sed
865 2699 901 2760 tu
926 2697 1081 2783 delibera,
1104 2701 1216 2764 utrum
1240 2700 1296 2766 col-

130 2783 220 2866 loqui
248 2783 343 2847 malis
368 2805 411 2847 an
437 2805 496 2867 per
517 2784 645 2848 litteras
673 2804 769 2867 agere
793 2807 875 2869 quae
906 2787 1039 2870 cogitas.
1084 2785 1229 2854 Necesse
1256 2790 1297 2852 est

131 2872 231 2954 euim,
260 2871 289 2934 si
320 2872 354 2934 in
382 2876 592 2954 conspectum
621 2873 762 2959 veneris,
788 2874 934 2937 venerari
964 2878 997 2938 te
1025 2894 1133 2959 regem
1166 2873 1295 2962 (quodb

130 3028 232 3083 rettete
257 3044 286 3082 er
310 3032 325 3080 9
350 3025 467 3097 Schiffe,
492 3028 538 3082 die
562 3045 592 3082 er
616 3029 689 3083 noch
742 3029 880 3085 brachten
907 3029 970 3084 eine
992 3029 1087 3085 Illotte
1114 3031 1176 3100 auf,
1205 3031 1297 3089 sobald

130 3097 299 3169 rechtzeitig
317 3101 473 3154 bemauuen
491 3099 607 3168 kanuto,
627 3099 689 3154 dar·
744 3101 784 3156 sie
808 3116 863 3155 von
882 3099 993 3155 Oenone
1010 3100 1176 3170 Thatiglreit
1197 3101 1228 3158 iu
1251 3103 1297 3159 deu

129 3173 212 3225 anter
236 3170 281 3225 die
300 3168 423 3226 Paralos.
460 3170 543 3226 Diese
563 3170 689 3226 schiclrte
744 3171 889 3227 sudlicheu
921 3171 1084 3226 Gewtsseru
1120 3172 1223 3230 Kuude
1259 3176 1298 3230 be·

130 3258 167 3309 er,
178 3242 439 3296 nmdieNachricht
448 3260 483 3295 zu
492 3240 689 3312 uberbringeu,
743 3243 855 3297 kamen.

129 3312 202 3367 nach
220 3313 329 3379 Athen,
347 3313 401 3368 mit
419 3314 472 3367 den
491 3313 598 3368 anderu
624 3315 691 3369 aoht
782 3313 803 3380 ὅ)
831 3314 868 3367 Er
890 3312 970 3368 hatte
993 3313 1160 3368 wiederholt
1182 3314 1229 3370 die
1247 3319 1296 3369 Au-

130 3381 690 3454 fanderAulnahmebeiEuagoras,dem
744 3383 826 3452 griffe
867 3384 916 3437 der
952 3383 1174 3440 haceddmonier
1216 3387 1298 3441 durch

130 3454 316 3507 Beherrscher
323 3470 378 3509 von
389 3454 509 3509 Salamis
517 3457 567 3509 auf
575 3454 689 3525 Cyprus.
744 3453 924 3509 Waffeuruhe
943 3471 998 3509 von
1016 3455 1121 3509 seinem
1135 3454 1241 3513 Gebist
1257 3453 1301 3511 aul

131 3521 264 3578 Daselbst
281 3521 358 3578 blieb
378 3540 408 3577 er
426 3526 554 3580 mehrere
572 3524 666 3580 Jahre.
744 3526 794 3579 das
809 3524 858 3578 des
868 3523 1065 3580 Pharnabazus
1078 3525 1235 3595 abgelenlrt
1247 3526 1299 3583 und

168 3593 189 3658 8)
212 3591 366 3648 Thimbron
385 3600 527 3649 400-399
546 3595 604 3649 uud
622 3595 690 3650 Der·
745 3595 840 3651 Conon
859 3595 905 3650 die
922 3597 1040 3665 adtigeu
1054 3596 1230 3665 Hillsgelder
1242 3615 1299 3655 vor·

130 3662 249 3733 eyllidas
273 3670 433 3720 aaa-397.
470 3666 557 3720 Beide
576 3665 690 3722 lfihrten
744 3665 898 3723 euthalteu
936 3666 979 3721 Oh
1011 3683 1041 3722 er
1072 3667 1141 3723 aber
1172 3667 1300 3724 wirlrlieh

131 3734 186 3789 den
207 3733 295 3803 Krieg
318 3752 371 3789 nur
395 3736 425 3790 in
450 3736 505 3791 deu
527 3736 690 3791 ndrdlichen
743 3737 845 3792 Vertat
881 3753 928 3790 am
963 3736 1073 3808 Konige
1109 3739 1214 3809 gedbt,
1250 3741 1299 3795 wie

130 3804 346 3874 Lundstrichen,
370 3806 477 3862 welche
503 3823 551 3860 zur
573 3805 690 3880 Prouinz
744 3809 940 3863 Pharnabazus
965 3809 1023 3862 und
1047 3808 1143 3864 Conon
1168 3810 1300 3875 meinteu,

130 3875 180 3931 des
193 3876 389 3932 Pharnabazus
403 3877 548 3948 gahbrten,
563 3878 688 3932 weshalb
743 3878 782 3932 ist
795 3877 875 3933 nicht
893 3879 1083 3948 ausgemacht.
1104 3879 1299 3941 Wahrsehein·

131 3945 331 4016 Tissaphernes
363 3947 425 4003 hier
452 3948 531 4003 nicht
563 3950 690 4004 erwahnt
742 3949 801 4004 lich
820 3950 876 4019 gab
891 3967 920 4004 er
935 3951 996 4003 sich
1009 3968 1062 4004 nur
1077 3967 1127 4005 aus
1141 3951 1299 4008 Eifersucht

130 4019 209 4075 wird.
744 4022 794 4075 aul
819 4021 885 4089 jone
918 4020 1020 4074 beiden
1052 4020 1147 4076 solche
1179 4022 1297 4078 Blolseu.

167 4090 190 4159 ⁴)
211 4088 307 4145 Conon
324 4089 427 4144 mulste
444 4090 504 4144 sich
522 4089 576 4144 mit
594 4090 690 4144 seinen
743 4091 807 4162 Vgl.
826 4095 908 4159 Ages.
928 4089 975 4144 Ill.

130 4160 358 4230 unboamursigen
384 4160 492 4215 hauteu
517 4161 548 4215 in
573 4160 690 4216 Cilicien
780 4162 803 4231 ⁶)
822 4162 957 4216 Schlacht
973 4161 1020 4217 bai
1038 4161 1152 4217 Cunaxa
1169 4169 1232 4220 401.

130 4231 188 4284 und
207 4230 307 4286 Carion
332 4230 383 4286 auf
402 4231 449 4287 die
467 4231 616 4287 Defensive
642 4233 689 4286 be·
782 4233 803 4302 ⁷)
823 4232 910 4287 Nicht
927 4249 1020 4301 qnam,
1038 4233 1104 4288 weil
1122 4234 1169 4288 eiu
1187 4234 1297 4290 homd-

132 4301 296 4358 schrankeu.
316 4303 396 4357 Denu
411 4303 457 4358 die
472 4302 690 4358 Lacedamonier
743 4306 815 4358 wort
833 4305 913 4373 folgt.
