2812 4786
11 4239 128 4262 *wa-*s

195 197 238 261 64
571 197 671 254 XVIII.
703 197 885 253 EUMENES.
909 203 935 254 2.
954 203 980 253 3.

195 361 280 444 apud
299 359 441 426 Graecos
464 360 730 425 honorificentius
754 364 805 424 est
827 381 924 444 quam
948 359 1032 444 apud
1051 359 1227 424 Romanos.
1271 357 1361 424 Nam·

194 471 255 534 que
284 449 369 533 apud
397 470 473 534 nos,
501 447 584 512 sicut
611 452 701 532 sunt,
733 448 947 513 mercennarii
976 447 1101 513 scribae
1129 447 1360 512 existimantur:

194 541 229 603 at
247 538 332 624 apud
350 537 427 602 illos
446 558 540 601 nemo
564 537 604 602 ad
623 536 656 600 id
680 535 823 602 officium
847 536 1031 602 admittitur
1053 534 1119 601 nisi
1136 535 1279 602 honesto
1297 537 1360 602 loco

193 629 304 703 natus,
328 629 361 690 et
382 624 446 689 fide
469 628 503 689 et
525 625 686 690 industria
709 624 856 710 cognita,
881 625 968 709 quod
990 645 1123 691 necesse
1147 628 1197 690 est
1222 624 1360 689 omnium

159 734 175 783 o
195 714 403 780 consiliorum
423 736 495 778 eum
515 735 586 779 esse
600 714 800 797 participem.
837 713 933 778 Hunc
954 714 1063 778 locum
1083 712 1249 778 amicitiae
1268 715 1364 778 tenuit

195 803 279 888 apud
298 802 488 887 Philippum
512 824 614 868 annos
638 806 771 886 septem.
810 801 873 867 Illo
897 801 1068 867 interfecto
1092 801 1204 867 eodem
1229 803 1274 882 [a.
1291 802 1362 882 336]

194 892 298 976 gradu
321 889 384 955 fuit
408 890 493 976 apud
513 891 734 956 Alexandrum
755 912 857 955 annos
880 890 1044 956 tredecim.
1081 889 1272 956 Novissimo
1291 893 1364 954 tcm-

195 1002 272 1064 pore
296 979 438 1065 praefuit
461 980 561 1045 etiam
589 980 681 1045 altari
705 979 851 1063 equitum
875 979 959 1061 alae,
988 1001 1100 1044 eorum
1123 979 1179 1064 qui
1202 977 1365 1044 Hetaerici

195 1069 452 1152 appellabantur.
502 1067 639 1151 Utrique
671 1071 781 1133 autem
812 1068 848 1132 in
880 1067 1017 1134 oonsilio
1045 1089 1173 1151 semper
1203 1066 1310 1132 adfuit
1335 1071 1364 1131 et

195 1158 338 1222 omnium
361 1179 469 1221 rerum
492 1157 624 1221 habitus
647 1160 697 1221 est
719 1157 891 1241 particeps.

161 1264 174 1311 1
282 1244 324 1310 II.
361 1245 548 1310 Alexandro
575 1243 744 1327 Babylone
772 1250 900 1309 mortuo
932 1264 1059 1308 summa
1085 1264 1193 1307 rerum
1223 1245 1267 1324 [a.
1291 1243 1362 1324 323]

195 1334 317 1399 tradita
339 1337 390 1398 est
412 1333 534 1398 tuenda
551 1332 732 1416 Perdiccae,
755 1334 784 1397 ei
804 1333 857 1397 cui
875 1331 1058 1397 Alexander
1076 1332 1217 1396 moriens
1239 1333 1365 1396 anulum

159 1440 290 1488 esuum
321 1421 466 1504 dederat,
498 1443 537 1486 ex
569 1443 633 1505 quo
666 1441 779 1485 omnes
808 1421 1024 1503 coniecerant,
1056 1419 1149 1484 illum
1176 1440 1314 1504 regnum
1340 1420 1393 1484 ei-

195 1511 406 1593 oommisisse,
430 1509 535 1594 quoad
558 1505 685 1596 liberi1)
711 1510 779 1573 eius
802 1510 836 1573 in
860 1531 952 1574 suam
971 1508 1110 1573 tutelam
1132 1508 1364 1591 pervenissent:

196 1598 332 1663 aberant
356 1599 442 1663 enim
461 1596 612 1663 Craterus
632 1602 665 1662 et
684 1597 867 1682 Antipater,
891 1598 947 1683 qui
965 1596 1154 1661 antecedere
1176 1596 1266 1662 buno
1285 1597 1364 1662 vide·

135 1761 138 1766 ,
195 1687 322 1769 bantur,
341 1691 488 1752 mortuus
508 1690 579 1751 erat
595 1685 807 1770 Hephaestio,
827 1707 922 1770 quern
945 1707 1044 1749 unum
1065 1684 1261 1770 Alexander,
1285 1685 1363 1771 quod

194 1775 288 1841 facile
311 1776 461 1859 intellegi
489 1772 649 1863 posset2),
677 1775 809 1859 plurimi
831 1776 959 1839 fecerat.
1006 1773 1058 1838 Ab
1081 1773 1143 1838 hoc
1171 1773 1277 1858 igitur
1299 1795 1364 1838 cum

194 1865 380 1947 provinciae
395 1865 530 1948 singulis
542 1863 720 1927 Alexandri
733 1863 949 1927 familiaribus
965 1861 1220 1946 dispertirentur,
1230 1861 1364 1927 Eumeni

195 1951 271 2016 data
294 1949 502 2034 Cappadocia
524 1952 576 2017 vel
599 1953 708 2035 potius
733 1951 861 2016 addicta
883 1956 946 2016 est:
973 1973 1050 2015 nam
1074 1953 1145 2014 tum
1166 1950 1202 2014 in
1225 1950 1363 2015 hostium

159 2044 267 2105 uerat
285 2044 457 2140 potestate.
494 2038 589 2104 Hunc
613 2040 677 2104 sibi
696 2039 876 2123 Perdiccas,
900 2039 985 2124 quod
1008 2038 1041 2102 in
1060 2038 1193 2103 bomine
1216 2038 1364 2103 fidemet

193 2127 426 2191 industriam
416 2128 579 2229 meignem
608 2127 753 2210 videbat,
786 2149 905 2214 magno
934 2127 1041 2192 studio
1070 2126 1277 2211 adiunxerat,
1305 2148 1362 2192 non

193 2216 356 2297 dubitans,
379 2217 459 2300 quin
482 2237 601 2318 magno
626 2215 689 2280 sibi
712 2217 784 2280 usui
807 2217 925 2281 foret
916 2238 951 2280 un
975 2216 1014 2280 iis
1038 2215 1144 2298 rebus,
1168 2237 1250 2318 quas
1275 2236 1363 2301 appa·

193 2305 298 2370 rabat.
274 2267 523 2391 tilogitabat
545 2305 646 2388 enim,
674 2304 759 2390 quod
782 2303 849 2370 fere
873 2325 985 2369 omnes
1009 2304 1043 2367 in
1066 2304 1196 2388 magnis
1224 2303 1363 2388 imperiis

158 2411 176 2459 4
194 2393 435 2478 concupiscunt
454 2393 598 2458 omniurn
617 2396 727 2478 partes
747 2394 908 2478 corripere
928 2396 1025 2478 atque
1044 2390 1363 2478 complecti.1Neque

194 2503 270 2547 vero
284 2482 348 2548 hoc
366 2483 419 2547 ille
439 2483 528 2548 solus
547 2482 634 2565 fecit,
653 2481 774 2546 sedt
723 2486 774 2546 cet
776 2483 821 2545 eri
836 2503 962 2567 quoque
981 2502 1102 2565 omnes,
1121 2502 1177 2565 qui
1168 2479 1363 2546 Alexandri

193 2571 323 2636 fuerant
350 2571 455 2636 amici.
500 2571 628 2635 Primus
656 2569 804 2634 Leonnat
789 2572 843 2635 tus
874 2570 1099 2634 Macedoniam
1132 2589 1362 2654 praeoccupare

194 2658 265 2722 dest
252 2659 422 2724 tinaverat.
458 2657 492 2722 Is
516 2658 629 2723 multis
653 2660 845 2743 magnisque
863 2659 1026 2743 pollicitat
1012 2658 1158 2722 tionibus
1177 2658 1363 2741 persuadere

194 2745 335 2811 Eumeni
354 2747 487 2831 studuit,
505 2751 542 2811 ut
559 2747 745 2812 Perdiccam
765 2747 927 2811 desereret
945 2768 983 2811 ac
1002 2768 1110 2810 secum
1128 2746 1253 2810 faceret
1272 2745 1363 2812 socie·

159 2851 176 2900 s
194 2837 307 2899 tatem.
343 2833 425 2898 (lum
444 2834 617 2918 perducere
636 2856 709 2899 eum
728 2857 793 2900 non
812 2838 934 2919 posset,
952 2835 1133 2900 interficere
1158 2838 1296 2899 conatus
1314 2837 1363 2916 eet,

196 2926 229 2987 et
251 2919 424 3007 fecissetl),
446 2922 512 2986 nisi
535 2923 591 2986 ille
615 2923 698 2987 clam
721 2926 821 2988 noctu
845 2945 884 2988 ex
905 2924 1075 3008 praesidiis
1099 2923 1169 2987 eius
1193 2922 1363 3009 effugisset

161 3030 175 3078 1
283 3009 343 3075 HI.
375 3010 511 3075 Interim
534 3011 674 3075 conflata
703 3016 779 3074 sunt
800 3012 858 3076 illa
880 3013 981 3095 bella,
1008 3032 1091 3096 quae
1114 3011 1155 3076 ad
1178 3011 1364 3077 internecio·

194 3122 269 3165 nem
296 3102 373 3185 post
399 3099 578 3164 Alexandri
607 3103 745 3163 mortem
776 3106 870 3184 gesta
898 3105 986 3183 sunt,
1020 3121 1195 3182 omnesque
1223 3101 1269 3180 [a.
1292 3099 1363 3178 321]

196 3194 428 3254 concurrerunt
447 3189 487 3254 ad
505 3187 692 3253 Perdiccam
711 3189 966 3272 opprimendum.
1004 3187 1104 3264 Quem
1125 3187 1188 3252 etsi
1206 3188 1364 3253 infirmum

194 3277 357 3343 Eumenes
371 3278 509 3362 videbat,
525 3276 610 3362 quod
624 3299 707 3341 unus
722 3278 872 3342 omnibus
891 3277 1042 3342 resistere
1057 3277 1247 3361 cogebatur,
1261 3282 1363 3342 tamen

197 3368 336 3431 amicum
364 3388 432 3432 non
459 3367 601 3431 deseruit
627 3387 731 3450 neque
760 3365 875 3431 salutis
899 3387 997 3450 quam
1025 3364 1100 3429 fidei
1123 3364 1187 3428 fuit
1214 3364 1363 3450 cupidior.

160 3453 400 3519 aPraeiecerat
428 3477 501 3520 eum
522 3454 693 3520 Perdiccas
717 3454 746 3518 ei
769 3455 856 3537 parti
880 3455 992 3537 Asiae,
1015 3474 1098 3539 quae
1119 3453 1205 3517 inter
1226 3453 1363 3518 Taurum

195 3545 341 3605 montem
372 3543 457 3607 iacet
488 3548 521 3607 et
553 3542 819 3627 Hellespontum,
851 3547 884 3606 et
915 3542 1007 3607 illum
1039 3563 1139 3606 unum
1171 3541 1364 3624 opposuerat

196 3629 377 3713 Europaeis
404 3630 613 3696 adversariis:
646 3632 716 3715 ipse
745 3630 934 3714 Aegyptum
962 3633 1186 3715 oppugnatum
1214 3629 1363 3695 adversus

161 3723 238 3784 3
195 3716 238 3781 Ρ
240 3718 418 3783 olemaeum
444 3724 513 3783 erat
535 3718 661 3802 profect
662 3741 709 3784 us.
755 3716 838 3783 Oum
867 3720 969 3803 igitur
992 3720 1109 3783 advent
1095 3723 1165 3782 tare
1187 3717 1364 3783 dicerentur

195 3806 523 3896 Hellespontumque
540 3808 696 3871 transisse
730 3805 807 3872 Ant
783 3810 868 3891 ttrpa
869 3828 904 3871 er
936 3812 969 3872 et
1001 3807 1170 3886 Craterus,
1202 3807 1267 3872 viri
1299 3826 1363 3872 oum

197 3895 345 3960 claritate
364 3898 433 3959 tum
453 3917 514 3960 usu
520 3889 612 3958 belli
631 3899 845 3978 praestantes,
868 3917 987 3980 magno
1008 3918 1082 3960 cum
1101 3894 1244 3960 exercitu
1206 3894 1362 3960 tMace-

197 3985 317 4049 donum
336 3983 542 4069 (Macedones
562 4005 640 4048 vero
665 3982 784 4049 milites
809 4006 847 4049 ea
869 3989 938 4049 tum
963 3989 1056 4049 erant
1078 3985 1175 4067 fama,
1199 4006 1265 4068 qua
1286 4001 1361 4079 nunc

196 4072 338 4138 Romani
367 4072 527 4137 feruntur:
561 4071 680 4136 etenim
710 4093 836 4157 semper
865 4072 971 4138 habiti
998 4077 1075 4137 sunt
1101 4072 1288 4158 fortissimi,
1314 4067 1360 4155 qui

235 4281 255 4350 1)
273 4282 354 4336 Anm.
373 4301 406 4336 au
425 4281 473 4350 VI,
493 4288 517 4336 3.
749 4306 752 4311 ⁹
846 4281 867 4351 Β)
884 4280 967 4338 Anm.
986 4298 1020 4336 au
1037 4283 1120 4337 Paua.
1138 4281 1173 4351 Il,
1193 4286 1219 4337 b.

233 4352 256 4422 ¹)
274 4352 427 4423 Konjunkt.
447 4354 497 4408 der
515 4351 610 4423 Fulge.
