2812 4786
482 173 554 231 mv.
587 173 769 228 DATAMES.
795 178 836 230 ro.
858 178 899 230 11.
1083 228 1093 241 ,
1231 174 1275 240 49

94 337 280 403 interficere
309 336 446 400 studuit:
479 358 559 420 quas
591 337 648 400 ille
676 337 845 420 plerasque
874 336 1017 401 evitavit.
1063 335 1167 423 Sicut,
1200 353 1308 402 cuma

95 425 312 509 comperisset
344 424 502 508 quosdam
535 425 599 489 sibi
628 425 787 508 insidiari,
820 425 877 509 qui
908 426 943 489 in
973 425 1150 490 amicorum
1182 431 1275 492 erant

96 536 250 597 numero,
278 534 382 597 neque
406 513 599 578 credendum
622 534 727 598 neque
754 513 991 599 neglegendum
1015 535 1085 578 esse
1108 516 1199 579 ratus
1222 537 1274 580 ex·

96 602 200 686 periri
223 602 336 686 voluit,
359 623 471 666 verum
494 601 654 666 falsumne
678 602 741 666 sibi
764 605 850 666 esset
872 603 1019 668 relatum.
1065 601 1178 686 Itaque
1201 620 1310 687 pro-3

98 692 206 755 fectus
230 693 288 772 est,
311 686 391 774 in²⁶)
416 711 479 773 quo
502 690 619 754 itinere
639 689 766 754 futuras
789 690 926 756 insidias
945 690 1067 756 dictum
1091 695 1170 756 erat.
1213 689 1276 756 sed

98 779 203 864 elegit
226 798 358 861 corpore
383 799 420 841 ac
444 780 572 842 statura
595 779 797 843 simillimum
821 779 871 843 aui
891 779 983 865 eique
1007 780 1161 844 vest'tum
1181 802 1276 844 suum

99 867 194 932 dedit
216 875 312 950 atque
331 887 368 930 eo
388 865 460 930 loco
483 867 539 950 ire,
562 889 625 951 quo
649 867 719 950 ipse
744 870 923 952 consuerat,
946 868 1055 932 iussit:
1078 868 1147 952 ipse
1167 871 1276 933 autem

99 958 220 1020 ornatu
243 954 376 1018 militari
403 953 488 1018 inter
511 955 655 1038 corporis
680 956 828 1020 custodes
854 957 917 1020 iter
940 956 1043 1021 facere
1068 956 1183 1040 coepit.
1230 955 1277 1021 At

98 1043 319 1124 insidiatores,
341 1045 517 1126 postquam
539 1044 575 1106 in
597 1044 692 1108 illum
711 1044 817 1109 locum
836 1064 953 1128 agmen
975 1044 1130 1128 pervenit,
1150 1044 1276 1129 decepti
1295 1059 1312 1106 4

98 1132 215 1197 ordine
244 1135 341 1215 atque
365 1132 487 1195 vestitu
510 1131 668 1215 impetum
692 1133 727 1195 in
751 1154 823 1197 eum
847 1133 982 1215 faciunt,
1008 1133 1062 1216 qui
1086 1134 1275 1216 suppositus

99 1223 183 1285 erat.
215 1219 426 1284 Praedixerat
444 1224 554 1284 autem
573 1220 728 1285 Datames
747 1221 797 1304 iis,
816 1242 889 1285 oum
908 1221 1026 1305 quibus
1044 1221 1106 1285 iter
1125 1221 1277 1300 faciebat,

98 1312 138 1373 ut
160 1307 268 1393 parati
296 1311 405 1372 essent
431 1307 551 1391 facere,
579 1309 665 1392 quod
692 1309 797 1392 ipsum
821 1309 987 1376 vidissent.
1031 1308 1119 1394 lpse,
1143 1314 1180 1374 ut
1203 1331 1277 1375 con-

97 1400 265 1461 currentes
292 1394 497 1460 insidiatores
526 1397 668 1462 animum
700 1397 854 1483 advertit,
885 1399 952 1462 tela
983 1398 1018 1461 in
1047 1419 1101 1463 eos
1129 1398 1277 1463 coniecit.

97 1485 172 1550 Hoc
195 1485 282 1549 idem
305 1502 379 1549 cum
402 1483 544 1549 universi
568 1485 733 1567 fecissent,
755 1486 944 1570 priusquam
968 1486 1179 1551 confoderent
1202 1509 1277 1551 eum

98 1595 197 1658 quem
221 1572 356 1657 aggredi
378 1572 543 1658 volebant,
565 1574 682 1639 confixi
705 1575 770 1657 ipsi
793 1575 1013 1640 conciderunt.

189 1659 229 1725 X.
261 1661 386 1725 Tamen
413 1661 559 1725 illatam
586 1661 722 1727 callidus
747 1663 796 1727 vir
820 1666 962 1728 extremo
990 1667 1136 1748 tempore
1161 1666 1274 1747 captus
1296 1677 1310 1723 1

97 1753 151 1814 est
173 1745 421 1833 Mithridatisffl)
446 1749 530 1833 dolo,
552 1752 654 1833 patris
678 1748 918 1816 Ariobarzanis.
954 1749 1105 1835 Namque
1128 1753 1157 1815 is
1180 1752 1276 1835 polli-

97 1838 186 1903 citus
204 1842 255 1902 est
268 1838 338 1922 regi
358 1859 391 1902 se
407 1859 480 1902 eum
493 1838 747 1924 interfecturum,
766 1839 794 1903 si
812 1860 870 1904 rex
888 1839 1100 1923 permitteret,
1119 1843 1156 1903 ut
1175 1839 1275 1923 quod·

96 1947 236 2011 cumque
259 1927 357 1990 vellet
379 1926 492 1990 liceret
514 1927 646 2010 impune
669 1928 790 2012 facere,
820 1929 979 2011 fidemque
1003 1927 1042 1992 de
1067 1949 1105 1992 ea
1127 1949 1161 1992 re
1185 1950 1275 1993 more

95 2013 273 2080 Persarum
297 2014 410 2079 dextra
433 2012 627 2102 dedissetffl).
669 2015 764 2081 Hanc
786 2020 823 2080 ut
846 2017 971 2099 accepit
994 2039 1013 2080 a
1036 2037 1111 2102 rege
1131 2017 1275 2100 missam,
1294 2030 1310 2078 2

98 2103 213 2186 copias
232 2107 330 2187 parat
352 2106 385 2167 et
403 2103 519 2167 absens
539 2104 717 2168 amicitiam
741 2126 813 2169 cum
832 2105 972 2170 Datame
990 2105 1079 2188 facit,
1097 2105 1184 2188 regis
1203 2127 1275 2190 pro·

96 2191 223 2256 vincias
244 2195 348 2270 vexat,
367 2193 502 2255 castella
523 2197 697 2278 expugnat,
716 2214 853 2278 magnas
871 2194 1009 2278 praedas
1028 2194 1124 2278 capit,
1140 2215 1277 2277 quarum

97 2280 223 2364 partim
252 2279 319 2344 suis
343 2279 508 2363 dispertit,
536 2281 658 2364 partim
673 2281 722 2354 ad
746 2281 919 2346 Datamem
943 2282 1058 2345 mittit:
1085 2281 1277 2365 parimodo

97 2367 270 2452 complura
302 2367 439 2433 castella
471 2368 500 2432 ei
530 2369 675 2435 tradidit.
725 2368 815 2434 Haec
848 2370 903 2434 diu
934 2369 1082 2434 faciendo
1115 2369 1312 2452 persuasite

96 2457 226 2522 homini
249 2478 283 2521 se
302 2457 467 2520 infinitum
490 2457 645 2522 adversus
668 2477 779 2542 regem
803 2458 982 2541 suscepisse
1003 2457 1133 2535 bellum,
1157 2454 1276 2542 cum²⁹)

96 2544 205 2611 nihilo
229 2546 351 2629 magis,
378 2566 419 2608 ne
443 2567 540 2629 quam
564 2545 781 2630 suspicionem
809 2546 858 2610 illi
884 2546 1054 2631 praeberet
1076 2544 1279 2629 insidiarum,

97 2655 206 2718 neque
230 2634 426 2717 colloquium
450 2633 517 2698 eius
541 2635 658 2718 petivit
676 2656 779 2718 neque
798 2635 833 2699 in
853 2637 1061 2719 conspectum
1081 2634 1191 2698 venire
1211 2637 1278 2698 stu·
1336 2665 1351 2695 ι

100 2722 181 2788 duit.
210 2720 263 2787 Sic
278 2723 395 2787 absens
411 2722 588 2788 amicitiam
603 2723 747 2807 gerebat,
762 2727 799 2787 ut
812 2745 880 2788 non
893 2722 1058 2787 beneficiis
1074 2723 1205 2806 mutuis,
1221 2722 1278 2787 sed

99 2811 266 2876 communi
285 2810 368 2893 odio,
387 2810 472 2894 quod
486 2811 522 2874 in
540 2832 650 2897 regem
670 2814 887 2897 susceperant,
906 2811 1063 2876 contineri
1083 2811 1277 2876 viderentur.

190 2898 246 2964 XI.
277 2897 316 2963 Id
338 2899 394 2964 ubi
418 2899 498 2964 satis
527 2921 561 2965 se
587 2900 795 2966 confirmasse
818 2901 994 2965 arbitratus
1019 2903 1084 2983 est,
1108 2900 1277 2965 certiorem
1299 2914 1312 2960 1

98 2987 181 3053 facit
198 2987 372 3054 Datamem
391 2991 519 3072 tempus
541 3011 611 3054 esse
630 2989 769 3054 maiores
789 2990 948 3054 exercitus
967 2989 1077 3073 parari
1101 2994 1133 3053 et
1156 2989 1280 3053 bellum

99 3098 175 3142 cum
198 3077 270 3160 ipso
293 3097 370 3160 rege
394 3077 527 3160 suscipi,
551 3077 654 3161 deque
678 3099 716 3143 ea
738 3100 788 3160 re,
812 3078 840 3142 si
863 3078 894 3141 ei
916 3077 1094 3161 videretur,
1118 3099 1181 3161 quo
1206 3077 1278 3141 loco

99 3165 214 3250 vellet,
236 3165 272 3228 in
296 3165 493 3249 colloquium
516 3167 650 3230 veniret.
697 3166 840 3231 Probata
863 3188 897 3229 re
921 3164 1128 3248 colloquendi
1150 3167 1278 3247 tempus

99 3253 245 3318 sumitur
262 3254 426 3337 locusque,
446 3275 508 3337 quo
528 3255 762 3319 conveniretur.
794 3253 867 3319 Huc
885 3252 1092 3317 Mithridates
1112 3274 1184 3316 cum
1203 3268 1313 3335 uno,2

140 3478 176 3547 ²⁶)
191 3479 224 3532 ln
234 3479 331 3534 deutet
340 3498 392 3534 nur
406 3480 456 3534 aul
464 3480 526 3534 eine
540 3478 664 3534 einzelne
719 3479 1066 3548 ser‚wieseinVater,vom
1072 3478 1280 3548 Perkerkbnige

100 3550 191 3605 Stella
217 3551 266 3605 dea
284 3549 388 3620 Weges
406 3550 463 3605 hin.
502 3551 596 3605 Daher
614 3556 629 3616 ς
647 3555 665 3603 4
718 3551 822 3605 bereits
840 3550 929 3620 vollig
947 3550 1131 3620 unabhangig
1148 3566 1214 3605 war.

99 3619 392 3756 indilffirlgffiffffie
402 3693 450 3759 Ν,
462 3698 487 3749 ὅ.
514 3691 595 3746 Dm
605 3691 665 3746 sein
755 3656 790 3726 ²⁸)
803 3655 898 3710 Durch
906 3655 1280 3725 einenBevollmachtigten,

101 3760 666 3902 gqgggqg.,pgqg
719 3727 1281 3854 aristaeneterreuur

101 3904 154 3958 auf
185 3905 239 3958 den
270 3904 665 3974 pontiseb=cappadociachen
757 3905 791 3974 ²⁹)
810 3903 880 3959 Cum
898 3905 936 3960 ist
953 3904 1015 3958 hier
1033 3904 1113 3958 nicht
1132 3903 1222 3959 soviel
1241 3903 1283 3958 als

102 3974 208 4030 Thron.
233 3974 487 4030 DaAriobarzanes
498 3980 550 4030 363
560 3975 666 4030 seinem
719 3993 753 4031 eo
785 3977 912 4045 tempore
944 3991 1012 4046 quo,
1045 3974 1098 4028 wie
1124 3974 1190 4029 Gon.
1210 3973 1236 4042 1,
1256 3980 1282 4043 2,

102 4043 192 4100 Vater
204 4044 303 4115 folgte,
318 4063 349 4100 so
364 4046 401 4100 ist
415 4047 464 4100 der
476 4046 536 4100 Tod
551 4047 600 4100 dea
610 4047 665 4099 Da·
719 4046 838 4101 sondern
862 4047 912 4101 der
931 4047 996 4100 Sata
1021 4045 1072 4099 hat
1096 4043 1141 4099 die
1160 4043 1282 4114 Geltung

102 4116 193 4170 tamea
212 4119 369 4186 spttestens
387 4115 418 4169 in
436 4116 528 4171 dieses
544 4115 613 4170 Jahr
631 4134 666 4171 zu
719 4118 795 4172 eines
814 4118 1009 4187 Hauptsatzes.
1047 4114 1117 4188 Cum
1139 4115 1177 4168 ist
1195 4114 1283 4169 soviel

105 4188 208 4242 aetzen.
258 4186 311 4242 Die
342 4188 474 4256 folgende
506 4186 666 4256 Erzthlung
720 4187 762 4242 als
786 4188 867 4258 „und
889 4187 1047 4257 augleieh“.
1085 4176 1176 4240 Ofters
1206 4186 1283 4239 steht

104 4257 200 4312 warde
215 4258 266 4312 anf
272 4259 327 4313 den
337 4259 476 4328 jiingeren
486 4257 665 4312 Mithridates
720 4276 750 4314 so
770 4275 833 4313 cum
852 4259 966 4313 interim
990 4259 1057 4313 oder
1077 4274 1139 4312 cum
1163 4255 1281 4324 interea,

105 4330 178 4382 auch
191 4328 316 4384 insofern
328 4328 408 4383 nicht
421 4346 532 4398 passen,
552 4330 593 4383 als
607 4327 665 4384 die·
719 4348 743 4384 z.
758 4328 790 4387 B.
808 4332 891 4399 Ager.
907 4329 966 4397 VII,
986 4335 1010 4385 1.

160 4424 293 4480 Ournanr,
308 4426 430 4468 Cornelius
440 4428 525 4477 Nepos.
1057 4423 1077 4469 4
