<?xml version="1.0" encoding="UTF-8"?>
<!DOCTYPE html PUBLIC "-//W3C//DTD XHTML 1.0 Transitional//EN"
    "http://www.w3.org/TR/xhtml1/DTD/xhtml1-transitional.dtd">
<html xmlns="http://www.w3.org/1999/xhtml" xml:lang="en" lang="en">
 <head>
  <title>
</title>
<meta http-equiv="Content-Type" content="text/html;charset=utf-8" />
  <meta name='ocr-system' content='tesseract 3.04.00' />
  <meta name='ocr-capabilities' content='ocr_page ocr_carea ocr_par ocr_line ocrx_word'/>
</head>
<body>
  <div class='ocr_page' id='page_1' title='image "./corneliinepotis04nepogoog_0021.png"; bbox 0 0 2812 4786; ppageno 0'>
   <div class='ocr_carea' id='block_1_1' title="bbox 128 132 933 203">
    <p class='ocr_par' dir='ltr' id='par_1_1' title="bbox 128 132 933 203">
     <span class='ocr_line' id='line_1_1' title="bbox 128 132 933 203; baseline 0 -12"><span class='ocrx_word' id='word_1_1' title='bbox 128 139 149 203; x_wconf 89' lang='lat'>8</span> <span class='ocrx_word' id='word_1_2' title='bbox 495 135 530 191; x_wconf 87' lang='lat' dir='ltr'>H.</span> <span class='ocrx_word' id='word_1_3' title='bbox 558 132 844 191; x_wconf 79' lang='lat' dir='ltr'>THEMISTOOLES.</span> <span class='ocrx_word' id='word_1_4' title='bbox 868 139 933 192; x_wconf 73' lang='lat'>3.4.</span> 
     </span>
    </p>
   </div>
   <div class='ocr_carea' id='block_1_2' title="bbox 43 296 1324 3668">
    <p class='ocr_par' dir='ltr' id='par_1_2' title="bbox 131 296 1300 385">
     <span class='ocr_line' id='line_1_2' title="bbox 131 296 1300 385; baseline 0.001 -20"><span class='ocrx_word' id='word_1_5' title='bbox 131 301 282 367; x_wconf 86' lang='lat' dir='ltr'>facerent.</span> <span class='ocrx_word' id='word_1_6' title='bbox 314 299 579 365; x_wconf 89' lang='lat' dir='ltr'>Deliberantibus</span> <span class='ocrx_word' id='word_1_7' title='bbox 597 296 717 382; x_wconf 83' lang='lat' dir='ltr'>Pythia</span> <span class='ocrx_word' id='word_1_8' title='bbox 734 299 909 383; x_wconf 90' lang='lat' dir='ltr'>respondit,</span> <span class='ocrx_word' id='word_1_9' title='bbox 931 302 968 364; x_wconf 92' lang='lat' dir='ltr'>ut</span> <span class='ocrx_word' id='word_1_10' title='bbox 991 300 1157 365; x_wconf 90' lang='lat' dir='ltr'>moenibus</span> <span class='ocrx_word' id='word_1_11' title='bbox 1180 298 1300 385; x_wconf 83' lang='lat' dir='ltr'>ligneis</span> 
     </span>
    </p>

    <p class='ocr_par' dir='ltr' id='par_1_3' title="bbox 95 387 1304 651">
     <span class='ocr_line' id='line_1_3' title="bbox 95 387 1304 479; baseline 0 -23"><span class='ocrx_word' id='word_1_12' title='bbox 95 407 110 456; x_wconf 79' lang='grc'><strong>7</strong></span> <span class='ocrx_word' id='word_1_13' title='bbox 133 412 167 455; x_wconf 89' lang='lat' dir='ltr'>se</span> <span class='ocrx_word' id='word_1_14' title='bbox 181 390 354 455; x_wconf 88' lang='lat' dir='ltr'>munirent.</span> <span class='ocrx_word' id='word_1_15' title='bbox 377 389 415 454; x_wconf 91' lang='lat' dir='ltr'>Id</span> <span class='ocrx_word' id='word_1_16' title='bbox 434 409 624 472; x_wconf 89' lang='lat' dir='ltr'>responsum</span> <span class='ocrx_word' id='word_1_17' title='bbox 639 408 701 472; x_wconf 92' lang='lat' dir='ltr'>quo</span> <span class='ocrx_word' id='word_1_18' title='bbox 716 388 839 452; x_wconf 87' lang='lat' dir='ltr'>valeret</span> <span class='ocrx_word' id='word_1_19' title='bbox 852 410 924 453; x_wconf 91' lang='lat' dir='ltr'>cum</span> <span class='ocrx_word' id='word_1_20' title='bbox 942 388 1146 474; x_wconf 75' lang='lat' dir='ltr'>intellegeret</span> <span class='ocrx_word' id='word_1_21' title='bbox 1159 387 1304 479; x_wconf 69' lang='lat' dir='ltr'>nemol),</span> 
     </span>
     <span class='ocr_line' id='line_1_4' title="bbox 132 477 1300 561; baseline 0.002 -18"><span class='ocrx_word' id='word_1_22' title='bbox 132 478 364 544; x_wconf 83' lang='lat' dir='ltr'>Themistocles</span> <span class='ocrx_word' id='word_1_23' title='bbox 387 477 547 561; x_wconf 80' lang='lat' dir='ltr'>persuasit</span> <span class='ocrx_word' id='word_1_24' title='bbox 569 477 602 541; x_wconf 93' lang='lat' dir='ltr'>id</span> <span class='ocrx_word' id='word_1_25' title='bbox 624 477 794 541; x_wconf 89' lang='lat' dir='ltr'>consilium</span> <span class='ocrx_word' id='word_1_26' title='bbox 813 498 883 542; x_wconf 87' lang='lat' dir='ltr'>esse</span> <span class='ocrx_word' id='word_1_27' title='bbox 898 477 1068 561; x_wconf 84' lang='lat' dir='ltr'>Apollinis,</span> <span class='ocrx_word' id='word_1_28' title='bbox 1091 478 1182 542; x_wconf 87' lang='lat' dir='ltr'>utin</span> <span class='ocrx_word' id='word_1_29' title='bbox 1199 500 1300 545; x_wconf 84' lang='lat' dir='ltr'>naves</span> 
     </span>
     <span class='ocr_line' id='line_1_5' title="bbox 132 565 1302 651; baseline 0.003 -20"><span class='ocrx_word' id='word_1_30' title='bbox 132 589 166 631; x_wconf 90' lang='lat' dir='ltr'>se</span> <span class='ocrx_word' id='word_1_31' title='bbox 201 589 322 651; x_wconf 91' lang='lat' dir='ltr'>suaque</span> <span class='ocrx_word' id='word_1_32' title='bbox 353 567 556 632; x_wconf 87' lang='lat' dir='ltr'>conferrent:</span> <span class='ocrx_word' id='word_1_33' title='bbox 593 588 665 630; x_wconf 92' lang='lat' dir='ltr'>eum</span> <span class='ocrx_word' id='word_1_34' title='bbox 699 565 783 630; x_wconf 91' lang='lat' dir='ltr'>enim</span> <span class='ocrx_word' id='word_1_35' title='bbox 816 588 836 629; x_wconf 88' lang='lat' dir='ltr'>a</span> <span class='ocrx_word' id='word_1_36' title='bbox 867 567 925 632; x_wconf 90' lang='lat' dir='ltr'>deo</span> <span class='ocrx_word' id='word_1_37' title='bbox 960 567 1135 651; x_wconf 87' lang='lat' dir='ltr'>significari</span> <span class='ocrx_word' id='word_1_38' title='bbox 1171 590 1302 634; x_wconf 88' lang='lat' dir='ltr'>murum</span> 
     </span>
    </p>

    <p class='ocr_par' dir='ltr' id='par_1_4' title="bbox 96 654 1303 1095">
     <span class='ocr_line' id='line_1_6' title="bbox 96 654 1302 742; baseline 0.001 -22"><span class='ocrx_word' id='word_1_39' title='bbox 96 656 288 742; x_wconf 82' lang='lat' dir='ltr'>aligneum.</span> <span class='ocrx_word' id='word_1_40' title='bbox 326 654 398 721; x_wconf 91' lang='lat' dir='ltr'>Hoc</span> <span class='ocrx_word' id='word_1_41' title='bbox 421 655 557 720; x_wconf 91' lang='lat' dir='ltr'>consilio</span> <span class='ocrx_word' id='word_1_42' title='bbox 580 654 718 738; x_wconf 91' lang='lat' dir='ltr'>probato</span> <span class='ocrx_word' id='word_1_43' title='bbox 741 655 874 720; x_wconf 85' lang='lat' dir='ltr'>narium</span> <span class='ocrx_word' id='word_1_44' title='bbox 896 677 1066 719; x_wconf 90' lang='lat' dir='ltr'>numerum</span> <span class='ocrx_word' id='word_1_45' title='bbox 1088 654 1302 722; x_wconf 90' lang='lat' dir='ltr'>ducentarum</span> 
     </span>
     <span class='ocr_line' id='line_1_7' title="bbox 133 743 1301 830; baseline 0.002 -21"><span class='ocrx_word' id='word_1_46' title='bbox 133 744 294 828; x_wconf 91' lang='lat' dir='ltr'>complere</span> <span class='ocrx_word' id='word_1_47' title='bbox 317 745 497 809; x_wconf 88' lang='lat' dir='ltr'>accelerant</span> <span class='ocrx_word' id='word_1_48' title='bbox 517 765 637 826; x_wconf 90' lang='lat' dir='ltr'>suaque</span> <span class='ocrx_word' id='word_1_49' title='bbox 656 743 774 827; x_wconf 92' lang='lat' dir='ltr'>omnia,</span> <span class='ocrx_word' id='word_1_50' title='bbox 796 765 878 829; x_wconf 89' lang='lat' dir='ltr'>quae</span> <span class='ocrx_word' id='word_1_51' title='bbox 898 745 1020 809; x_wconf 88' lang='lat' dir='ltr'>moveri</span> <span class='ocrx_word' id='word_1_52' title='bbox 1043 748 1204 828; x_wconf 89' lang='lat' dir='ltr'>poterant,</span> <span class='ocrx_word' id='word_1_53' title='bbox 1228 769 1301 830; x_wconf 89' lang='lat' dir='ltr'>par·</span> 
     </span>
     <span class='ocr_line' id='line_1_8' title="bbox 135 831 1303 917; baseline 0.003 -20"><span class='ocrx_word' id='word_1_54' title='bbox 135 833 194 897; x_wconf 91' lang='lat' dir='ltr'>tim</span> <span class='ocrx_word' id='word_1_55' title='bbox 214 831 389 917; x_wconf 85' lang='lat' dir='ltr'>Salamina,</span> <span class='ocrx_word' id='word_1_56' title='bbox 412 833 531 917; x_wconf 94' lang='lat' dir='ltr'>partim</span> <span class='ocrx_word' id='word_1_57' title='bbox 550 831 713 897; x_wconf 84' lang='lat' dir='ltr'>Troezena</span> <span class='ocrx_word' id='word_1_58' title='bbox 736 832 922 917; x_wconf 87' lang='lat' dir='ltr'>deportant:</span> <span class='ocrx_word' id='word_1_59' title='bbox 946 855 1053 898; x_wconf 84' lang='lat' dir='ltr'>arcam</span> <span class='ocrx_word' id='word_1_60' title='bbox 1079 835 1303 901; x_wconf 90' lang='lat' dir='ltr'>sacerdotibus</span> 
     </span>
     <span class='ocr_line' id='line_1_9' title="bbox 133 920 1303 1006; baseline 0.003 -21"><span class='ocrx_word' id='word_1_61' title='bbox 133 923 308 1006; x_wconf 81' lang='lat' dir='ltr'>paucisque</span> <span class='ocrx_word' id='word_1_62' title='bbox 336 923 513 987; x_wconf 88' lang='lat' dir='ltr'>maioribus</span> <span class='ocrx_word' id='word_1_63' title='bbox 540 927 621 986; x_wconf 87' lang='lat' dir='ltr'>natu</span> <span class='ocrx_word' id='word_1_64' title='bbox 645 920 685 985; x_wconf 88' lang='lat' dir='ltr'>ad</span> <span class='ocrx_word' id='word_1_65' title='bbox 709 943 800 986; x_wconf 88' lang='lat' dir='ltr'>sacra</span> <span class='ocrx_word' id='word_1_66' title='bbox 826 922 1030 1005; x_wconf 89' lang='lat' dir='ltr'>procuranda</span> <span class='ocrx_word' id='word_1_67' title='bbox 1058 923 1206 1006; x_wconf 89' lang='lat' dir='ltr'>tradunt,</span> <span class='ocrx_word' id='word_1_68' title='bbox 1230 926 1303 989; x_wconf 92' lang='lat' dir='ltr'>reli·</span> 
     </span>
     <span class='ocr_line' id='line_1_10' title="bbox 133 1006 662 1095; baseline -0.004 -19"><span class='ocrx_word' id='word_1_69' title='bbox 133 1032 231 1094; x_wconf 91' lang='lat' dir='ltr'>quum</span> <span class='ocrx_word' id='word_1_70' title='bbox 256 1012 409 1095; x_wconf 90' lang='lat' dir='ltr'>oppidum</span> <span class='ocrx_word' id='word_1_71' title='bbox 431 1006 662 1094; x_wconf 78' lang='lat' dir='ltr'>relinquunt4).</span> 
     </span>
    </p>

    <p class='ocr_par' dir='ltr' id='par_1_5' title="bbox 43 1097 1304 1542">
     <span class='ocr_line' id='line_1_11' title="bbox 43 1097 1303 1185; baseline 0.002 -20"><span class='ocrx_word' id='word_1_72' title='bbox 43 1143 48 1153; x_wconf 86' lang='lat'><strong>·</strong></span> <span class='ocrx_word' id='word_1_73' title='bbox 100 1117 111 1164; x_wconf 84' lang='lat'><em>1</em></span> <span class='ocrx_word' id='word_1_74' title='bbox 221 1098 280 1165; x_wconf 93' lang='grc' dir='ltr'>ΠΙ.</span> <span class='ocrx_word' id='word_1_75' title='bbox 324 1099 459 1164; x_wconf 90' lang='lat' dir='ltr'>Interim</span> <span class='ocrx_word' id='word_1_76' title='bbox 483 1100 523 1164; x_wconf 91' lang='lat' dir='ltr'>ab</span> <span class='ocrx_word' id='word_1_77' title='bbox 551 1099 592 1162; x_wconf 92' lang='lat' dir='ltr'>iis</span> <span class='ocrx_word' id='word_1_78' title='bbox 616 1097 817 1185; x_wconf 86' lang='lat' dir='ltr'>civitatibus,</span> <span class='ocrx_word' id='word_1_79' title='bbox 840 1098 955 1183; x_wconf 91' lang='lat' dir='ltr'>quibus</span> <span class='ocrx_word' id='word_1_80' title='bbox 978 1099 1012 1162; x_wconf 91' lang='lat' dir='ltr'>in</span> <span class='ocrx_word' id='word_1_81' title='bbox 1035 1102 1122 1164; x_wconf 91' lang='lat' dir='ltr'>terra</span> <span class='ocrx_word' id='word_1_82' title='bbox 1146 1099 1303 1167; x_wconf 89' lang='lat' dir='ltr'>dimicare</span> 
     </span>
     <span class='ocr_line' id='line_1_12' title="bbox 133 1187 1303 1274; baseline 0.002 -22"><span class='ocrx_word' id='word_1_83' title='bbox 133 1189 238 1274; x_wconf 90' lang='lat' dir='ltr'>magis</span> <span class='ocrx_word' id='word_1_84' title='bbox 269 1188 434 1272; x_wconf 80' lang='lat' dir='ltr'>placebat,</span> <span class='ocrx_word' id='word_1_85' title='bbox 466 1187 558 1252; x_wconf 90' lang='lat' dir='ltr'>missi</span> <span class='ocrx_word' id='word_1_86' title='bbox 590 1193 665 1251; x_wconf 89' lang='lat' dir='ltr'>sunt</span> <span class='ocrx_word' id='word_1_87' title='bbox 697 1187 812 1252; x_wconf 89' lang='lat' dir='ltr'>delecti</span> <span class='ocrx_word' id='word_1_88' title='bbox 848 1209 921 1253; x_wconf 93' lang='lat' dir='ltr'>cum</span> <span class='ocrx_word' id='word_1_89' title='bbox 953 1187 1109 1271; x_wconf 84' lang='lat' dir='ltr'>Leonida,</span> <span class='ocrx_word' id='word_1_90' title='bbox 1141 1187 1303 1254; x_wconf 88' lang='lat' dir='ltr'>Lacedae-</span> 
     </span>
     <span class='ocr_line' id='line_1_13' title="bbox 132 1275 1302 1360; baseline 0.003 -20"><span class='ocrx_word' id='word_1_91' title='bbox 132 1279 315 1342; x_wconf 90' lang='lat' dir='ltr'>moniorum</span> <span class='ocrx_word' id='word_1_92' title='bbox 347 1297 438 1360; x_wconf 86' lang='lat' dir='ltr'>rege,</span> <span class='ocrx_word' id='word_1_93' title='bbox 467 1276 522 1360; x_wconf 91' lang='lat' dir='ltr'>qui</span> <span class='ocrx_word' id='word_1_94' title='bbox 549 1275 786 1360; x_wconf 82' lang='lat' dir='ltr'>Thermopylas</span> <span class='ocrx_word' id='word_1_95' title='bbox 815 1281 1008 1360; x_wconf 83' lang='lat' dir='ltr'>occuparent</span> <span class='ocrx_word' id='word_1_96' title='bbox 1034 1297 1137 1360; x_wconf 91' lang='lat' dir='ltr'>neque</span> <span class='ocrx_word' id='word_1_97' title='bbox 1169 1277 1302 1360; x_wconf 89' lang='lat' dir='ltr'>longius</span> 
     </span>
     <span class='ocr_line' id='line_1_14' title="bbox 132 1364 1304 1449; baseline 0.003 -21"><span class='ocrx_word' id='word_1_98' title='bbox 132 1364 288 1430; x_wconf 88' lang='lat' dir='ltr'>barbaros</span> <span class='ocrx_word' id='word_1_99' title='bbox 315 1364 467 1449; x_wconf 85' lang='lat' dir='ltr'>progredi</span> <span class='ocrx_word' id='word_1_100' title='bbox 494 1367 690 1449; x_wconf 88' lang='lat' dir='ltr'>paterentur.</span> <span class='ocrx_word' id='word_1_101' title='bbox 736 1364 798 1441; x_wconf 81' lang='lat' dir='ltr'>Qui</span> <span class='ocrx_word' id='word_1_102' title='bbox 822 1365 949 1449; x_wconf 91' lang='lat' dir='ltr'>quidem</span> <span class='ocrx_word' id='word_1_103' title='bbox 973 1365 1039 1428; x_wconf 86' lang='lat' dir='ltr'>vim</span> <span class='ocrx_word' id='word_1_104' title='bbox 1065 1365 1213 1430; x_wconf 90' lang='lat' dir='ltr'>hostium</span> <span class='ocrx_word' id='word_1_105' title='bbox 1245 1368 1304 1432; x_wconf 89' lang='lat' dir='ltr'>cir·</span> 
     </span>
     <span class='ocr_line' id='line_1_15' title="bbox 132 1453 1302 1542; baseline 0.004 -26"><span class='ocrx_word' id='word_1_106' title='bbox 132 1454 295 1518; x_wconf 91' lang='lat' dir='ltr'>cumventi</span> <span class='ocrx_word' id='word_1_107' title='bbox 313 1476 380 1519; x_wconf 90' lang='lat' dir='ltr'>non</span> <span class='ocrx_word' id='word_1_108' title='bbox 402 1453 625 1518; x_wconf 89' lang='lat' dir='ltr'>sustinuerunt</span> <span class='ocrx_word' id='word_1_109' title='bbox 643 1453 816 1538; x_wconf 89' lang='lat' dir='ltr'>eodemque</span> <span class='ocrx_word' id='word_1_110' title='bbox 839 1454 910 1518; x_wconf 93' lang='lat' dir='ltr'>loco</span> <span class='ocrx_word' id='word_1_111' title='bbox 930 1476 1042 1518; x_wconf 90' lang='lat' dir='ltr'>omnes</span> <span class='ocrx_word' id='word_1_112' title='bbox 1061 1455 1258 1520; x_wconf 88' lang='lat' dir='ltr'>interierunt</span> <span class='ocrx_word' id='word_1_113' title='bbox 1266 1454 1302 1542; x_wconf 85' lang='lat'>⁵).</span> 
     </span>
    </p>

    <p class='ocr_par' dir='ltr' id='par_1_6' title="bbox 94 1540 1303 1896">
     <span class='ocr_line' id='line_1_16' title="bbox 94 1540 1302 1628; baseline 0.003 -22"><span class='ocrx_word' id='word_1_114' title='bbox 94 1557 110 1606; x_wconf 81' lang='lat'>2</span> <span class='ocrx_word' id='word_1_115' title='bbox 131 1540 179 1607; x_wconf 89' lang='lat' dir='ltr'>At</span> <span class='ocrx_word' id='word_1_116' title='bbox 201 1542 314 1607; x_wconf 88' lang='lat' dir='ltr'>classis</span> <span class='ocrx_word' id='word_1_117' title='bbox 338 1543 516 1608; x_wconf 90' lang='lat' dir='ltr'>communis</span> <span class='ocrx_word' id='word_1_118' title='bbox 537 1542 690 1607; x_wconf 79' lang='lat' dir='ltr'>Graeciae</span> <span class='ocrx_word' id='word_1_119' title='bbox 709 1546 925 1607; x_wconf 88' lang='lat' dir='ltr'>trecentarum</span> <span class='ocrx_word' id='word_1_120' title='bbox 943 1543 1083 1628; x_wconf 87' lang='lat' dir='ltr'>navium,</span> <span class='ocrx_word' id='word_1_121' title='bbox 1106 1544 1226 1628; x_wconf 90' lang='lat' dir='ltr'>inqua</span> <span class='ocrx_word' id='word_1_122' title='bbox 1246 1545 1302 1610; x_wconf 92' lang='lat' dir='ltr'>du·</span> 
     </span>
     <span class='ocr_line' id='line_1_17' title="bbox 131 1628 1303 1717; baseline 0.003 -22"><span class='ocrx_word' id='word_1_123' title='bbox 131 1628 275 1717; x_wconf 80' lang='lat' dir='ltr'>centae⁶)</span> <span class='ocrx_word' id='word_1_124' title='bbox 304 1636 396 1697; x_wconf 91' lang='lat' dir='ltr'>erant</span> <span class='ocrx_word' id='word_1_125' title='bbox 418 1630 682 1716; x_wconf 81' lang='lat' dir='ltr'>Atheniensium,</span> <span class='ocrx_word' id='word_1_126' title='bbox 704 1632 845 1715; x_wconf 92' lang='lat' dir='ltr'>primum</span> <span class='ocrx_word' id='word_1_127' title='bbox 868 1631 952 1715; x_wconf 87' lang='lat' dir='ltr'>apud</span> <span class='ocrx_word' id='word_1_128' title='bbox 976 1631 1188 1696; x_wconf 92' lang='lat' dir='ltr'>Artemisium</span> <span class='ocrx_word' id='word_1_129' title='bbox 1215 1634 1303 1698; x_wconf 88' lang='lat' dir='ltr'>inter</span> 
     </span>
     <span class='ocr_line' id='line_1_18' title="bbox 128 1719 1299 1805; baseline 0.003 -20"><span class='ocrx_word' id='word_1_130' title='bbox 128 1719 296 1786; x_wconf 83' lang='lat' dir='ltr'>Euboeam</span> <span class='ocrx_word' id='word_1_131' title='bbox 311 1721 590 1805; x_wconf 85' lang='lat' dir='ltr'>continentemque</span> <span class='ocrx_word' id='word_1_132' title='bbox 608 1725 816 1786; x_wconf 82' lang='lat' dir='ltr'>terram’cum</span> <span class='ocrx_word' id='word_1_133' title='bbox 832 1720 1006 1785; x_wconf 86' lang='lat' dir='ltr'>classiariis</span> <span class='ocrx_word' id='word_1_134' title='bbox 1026 1720 1125 1805; x_wconf 91' lang='lat' dir='ltr'>regiis</span> <span class='ocrx_word' id='word_1_135' title='bbox 1145 1721 1299 1789; x_wconf 83' lang='lat' dir='ltr'>conflixit.</span> 
     </span>
     <span class='ocr_line' id='line_1_19' title="bbox 129 1808 1299 1896; baseline 0.001 -22"><span class='ocrx_word' id='word_1_136' title='bbox 129 1808 310 1896; x_wconf 84' lang='lat' dir='ltr'>Angustias</span> <span class='ocrx_word' id='word_1_137' title='bbox 324 1810 412 1875; x_wconf 90' lang='lat' dir='ltr'>enim</span> <span class='ocrx_word' id='word_1_138' title='bbox 421 1809 655 1874; x_wconf 87' lang='lat' dir='ltr'>Themistocles</span> <span class='ocrx_word' id='word_1_139' title='bbox 671 1811 855 1896; x_wconf 90' lang='lat' dir='ltr'>quaerebat,</span> <span class='ocrx_word' id='word_1_140' title='bbox 874 1830 914 1872; x_wconf 92' lang='lat' dir='ltr'>ne</span> <span class='ocrx_word' id='word_1_141' title='bbox 929 1809 1134 1873; x_wconf 88' lang='lat' dir='ltr'>multitudine</span> <span class='ocrx_word' id='word_1_142' title='bbox 1153 1809 1299 1875; x_wconf 89' lang='lat' dir='ltr'>hostium</span> 
     </span>
    </p>

    <p class='ocr_par' dir='ltr' id='par_1_7' title="bbox 94 1896 1324 2159">
     <span class='ocr_line' id='line_1_20' title="bbox 94 1896 1301 1982; baseline 0.003 -22"><span class='ocrx_word' id='word_1_143' title='bbox 94 1913 111 1960; x_wconf 85' lang='lat'><strong>3</strong></span> <span class='ocrx_word' id='word_1_144' title='bbox 132 1898 327 1962; x_wconf 90' lang='lat' dir='ltr'>circuiretur.</span> <span class='ocrx_word' id='word_1_145' title='bbox 363 1897 423 1982; x_wconf 91' lang='lat' dir='ltr'>lbi,</span> <span class='ocrx_word' id='word_1_146' title='bbox 446 1899 508 1962; x_wconf 91' lang='lat' dir='ltr'>etsi</span> <span class='ocrx_word' id='word_1_147' title='bbox 530 1898 602 1981; x_wconf 90' lang='lat' dir='ltr'>pari</span> <span class='ocrx_word' id='word_1_148' title='bbox 625 1896 729 1961; x_wconf 91' lang='lat' dir='ltr'>Marte</span> <span class='ocrx_word' id='word_1_149' title='bbox 753 1897 978 1981; x_wconf 86' lang='lat' dir='ltr'>discesserant,</span> <span class='ocrx_word' id='word_1_150' title='bbox 1000 1901 1109 1962; x_wconf 88' lang='lat' dir='ltr'>tamen</span> <span class='ocrx_word' id='word_1_151' title='bbox 1131 1920 1199 1963; x_wconf 89' lang='lat' dir='ltr'>non</span> <span class='ocrx_word' id='word_1_152' title='bbox 1223 1904 1301 1964; x_wconf 92' lang='lat' dir='ltr'>sunt</span> 
     </span>
     <span class='ocr_line' id='line_1_21' title="bbox 130 1984 1324 2071; baseline 0.004 -22"><span class='ocrx_word' id='word_1_153' title='bbox 130 1987 202 2050; x_wconf 91' lang='lat' dir='ltr'>ausi</span> <span class='ocrx_word' id='word_1_154' title='bbox 225 2006 364 2067; x_wconf 90' lang='lat' dir='ltr'>manere,</span> <span class='ocrx_word' id='word_1_155' title='bbox 387 1984 473 2071; x_wconf 91' lang='lat' dir='ltr'>quod</span> <span class='ocrx_word' id='word_1_156' title='bbox 497 1990 567 2050; x_wconf 89' lang='lat' dir='ltr'>erat</span> <span class='ocrx_word' id='word_1_157' title='bbox 588 1986 780 2069; x_wconf 91' lang='lat' dir='ltr'>periculum,</span> <span class='ocrx_word' id='word_1_158' title='bbox 803 2008 858 2068; x_wconf 88' lang='lat' dir='ltr'>ne,</span> <span class='ocrx_word' id='word_1_159' title='bbox 882 1987 911 2050; x_wconf 90' lang='lat' dir='ltr'>si</span> <span class='ocrx_word' id='word_1_160' title='bbox 933 2008 1009 2070; x_wconf 93' lang='lat' dir='ltr'>pars</span> <span class='ocrx_word' id='word_1_161' title='bbox 1032 1988 1165 2051; x_wconf 85' lang='lat' dir='ltr'>narium</span> <span class='ocrx_word' id='word_1_162' title='bbox 1188 1987 1324 2054; x_wconf 50' lang='lat' dir='ltr'>adver-¹</span> 
     </span>
     <span class='ocr_line' id='line_1_22' title="bbox 130 2073 1301 2159; baseline 0.004 -22"><span class='ocrx_word' id='word_1_163' title='bbox 130 2074 288 2140; x_wconf 91' lang='lat' dir='ltr'>sariorum</span> <span class='ocrx_word' id='word_1_164' title='bbox 320 2073 488 2139; x_wconf 82' lang='lat' dir='ltr'>Euboeam</span> <span class='ocrx_word' id='word_1_165' title='bbox 520 2077 719 2157; x_wconf 87' lang='lat' dir='ltr'>superasset,</span> <span class='ocrx_word' id='word_1_166' title='bbox 751 2074 884 2158; x_wconf 90' lang='lat' dir='ltr'>ancipiti</span> <span class='ocrx_word' id='word_1_167' title='bbox 916 2080 1139 2158; x_wconf 88' lang='lat' dir='ltr'>premerentur</span> <span class='ocrx_word' id='word_1_168' title='bbox 1166 2078 1301 2159; x_wconf 90' lang='lat' dir='ltr'>proelio.</span> 
     </span>
    </p>

    <p class='ocr_par' dir='ltr' id='par_1_8' title="bbox 93 2159 1302 2336">
     <span class='ocr_line' id='line_1_23' title="bbox 93 2159 1302 2237; baseline 0.003 -11"><span class='ocrx_word' id='word_1_169' title='bbox 93 2159 201 2237; x_wconf 72' lang='lat' dir='ltr'>rQuo</span> <span class='ocrx_word' id='word_1_170' title='bbox 229 2161 352 2228; x_wconf 88' lang='lat' dir='ltr'>factum</span> <span class='ocrx_word' id='word_1_171' title='bbox 379 2167 429 2227; x_wconf 92' lang='lat' dir='ltr'>est</span> <span class='ocrx_word' id='word_1_172' title='bbox 455 2166 493 2227; x_wconf 90' lang='lat' dir='ltr'>ut</span> <span class='ocrx_word' id='word_1_173' title='bbox 520 2164 560 2228; x_wconf 90' lang='lat' dir='ltr'>ab</span> <span class='ocrx_word' id='word_1_174' title='bbox 588 2162 764 2228; x_wconf 90' lang='lat' dir='ltr'>Artemisio</span> <span class='ocrx_word' id='word_1_175' title='bbox 793 2162 994 2227; x_wconf 89' lang='lat' dir='ltr'>discederent</span> <span class='ocrx_word' id='word_1_176' title='bbox 1025 2170 1058 2228; x_wconf 91' lang='lat' dir='ltr'>et</span> <span class='ocrx_word' id='word_1_177' title='bbox 1091 2166 1302 2230; x_wconf 85' lang='lat' dir='ltr'>exadversum</span> 
     </span>
     <span class='ocr_line' id='line_1_24' title="bbox 131 2249 1118 2336; baseline 0.001 -21"><span class='ocrx_word' id='word_1_178' title='bbox 131 2251 278 2317; x_wconf 82' lang='lat' dir='ltr'>Athenas</span> <span class='ocrx_word' id='word_1_179' title='bbox 303 2250 389 2336; x_wconf 92' lang='lat' dir='ltr'>apud</span> <span class='ocrx_word' id='word_1_180' title='bbox 413 2249 577 2317; x_wconf 83' lang='lat' dir='ltr'>Salamina</span> <span class='ocrx_word' id='word_1_181' title='bbox 599 2252 736 2317; x_wconf 84' lang='lat' dir='ltr'>classem</span> <span class='ocrx_word' id='word_1_182' title='bbox 761 2274 852 2316; x_wconf 90' lang='lat' dir='ltr'>suam</span> <span class='ocrx_word' id='word_1_183' title='bbox 876 2253 1118 2317; x_wconf 90' lang='lat' dir='ltr'>constituerent.</span> 
     </span>
    </p>

    <p class='ocr_par' dir='ltr' id='par_1_9' title="bbox 96 2339 1304 2517">
     <span class='ocr_line' id='line_1_25' title="bbox 96 2339 1304 2426; baseline 0.002 -21"><span class='ocrx_word' id='word_1_184' title='bbox 96 2357 111 2405; x_wconf 93' lang='lat'>1</span> <span class='ocrx_word' id='word_1_185' title='bbox 219 2340 276 2408; x_wconf 89' lang='lat' dir='ltr'>IV.</span> <span class='ocrx_word' id='word_1_186' title='bbox 314 2340 360 2405; x_wconf 92' lang='lat' dir='ltr'>At</span> <span class='ocrx_word' id='word_1_187' title='bbox 382 2339 505 2405; x_wconf 83' lang='lat' dir='ltr'>Xerxes</span> <span class='ocrx_word' id='word_1_188' title='bbox 524 2340 752 2425; x_wconf 84' lang='lat' dir='ltr'>Thermopylis</span> <span class='ocrx_word' id='word_1_189' title='bbox 776 2342 967 2424; x_wconf 86' lang='lat' dir='ltr'>expugnatis</span> <span class='ocrx_word' id='word_1_190' title='bbox 991 2343 1140 2426; x_wconf 90' lang='lat' dir='ltr'>protinus</span> <span class='ocrx_word' id='word_1_191' title='bbox 1165 2343 1304 2408; x_wconf 89' lang='lat' dir='ltr'>accessit</span> 
     </span>
     <span class='ocr_line' id='line_1_26' title="bbox 131 2427 1302 2517; baseline 0.002 -22"><span class='ocrx_word' id='word_1_192' title='bbox 131 2427 236 2517; x_wconf 66' lang='lat' dir='ltr'>astul)</span> <span class='ocrx_word' id='word_1_193' title='bbox 260 2429 356 2515; x_wconf 88' lang='lat' dir='ltr'>idque</span> <span class='ocrx_word' id='word_1_194' title='bbox 378 2430 477 2496; x_wconf 86' lang='lat' dir='ltr'>nullis</span> <span class='ocrx_word' id='word_1_195' title='bbox 496 2430 741 2495; x_wconf 86' lang='lat' dir='ltr'>defendentibus</span> <span class='ocrx_word' id='word_1_196' title='bbox 763 2429 941 2495; x_wconf 87' lang='lat' dir='ltr'>interfectis</span> <span class='ocrx_word' id='word_1_197' title='bbox 966 2431 1196 2514; x_wconf 88' lang='lat' dir='ltr'>sacerdotibus,</span> <span class='ocrx_word' id='word_1_198' title='bbox 1220 2453 1302 2516; x_wconf 90' lang='lat' dir='ltr'>quos</span> 
     </span>
    </p>

    <p class='ocr_par' dir='ltr' id='par_1_10' title="bbox 94 2516 1304 2959">
     <span class='ocr_line' id='line_1_27' title="bbox 94 2516 1304 2604; baseline 0.002 -21"><span class='ocrx_word' id='word_1_199' title='bbox 94 2519 165 2583; x_wconf 82' lang='lat' dir='ltr'>ain</span> <span class='ocrx_word' id='word_1_200' title='bbox 194 2540 266 2584; x_wconf 90' lang='lat' dir='ltr'>aree</span> <span class='ocrx_word' id='word_1_201' title='bbox 293 2519 476 2602; x_wconf 84' lang='lat' dir='ltr'>invenerat,</span> <span class='ocrx_word' id='word_1_202' title='bbox 502 2519 651 2584; x_wconf 90' lang='lat' dir='ltr'>incendio</span> <span class='ocrx_word' id='word_1_203' title='bbox 679 2518 806 2584; x_wconf 85' lang='lat' dir='ltr'>delerit.</span> <span class='ocrx_word' id='word_1_204' title='bbox 852 2516 951 2583; x_wconf 81' lang='lat' dir='ltr'>Ouius</span> <span class='ocrx_word' id='word_1_205' title='bbox 978 2519 1111 2584; x_wconf 90' lang='lat' dir='ltr'>flamma</span> <span class='ocrx_word' id='word_1_206' title='bbox 1137 2521 1304 2604; x_wconf 84' lang='lat' dir='ltr'>perterriti</span> 
     </span>
     <span class='ocr_line' id='line_1_28' title="bbox 131 2607 1299 2692; baseline 0.002 -21"><span class='ocrx_word' id='word_1_207' title='bbox 131 2607 291 2672; x_wconf 90' lang='lat' dir='ltr'>classiarii</span> <span class='ocrx_word' id='word_1_208' title='bbox 318 2629 390 2672; x_wconf 91' lang='lat' dir='ltr'>cum</span> <span class='ocrx_word' id='word_1_209' title='bbox 417 2629 547 2672; x_wconf 88' lang='lat' dir='ltr'>manere</span> <span class='ocrx_word' id='word_1_210' title='bbox 578 2630 645 2672; x_wconf 91' lang='lat' dir='ltr'>non</span> <span class='ocrx_word' id='word_1_211' title='bbox 673 2608 827 2673; x_wconf 89' lang='lat' dir='ltr'>auderent</span> <span class='ocrx_word' id='word_1_212' title='bbox 853 2611 886 2671; x_wconf 93' lang='lat' dir='ltr'>et</span> <span class='ocrx_word' id='word_1_213' title='bbox 917 2608 1050 2692; x_wconf 84' lang='lat' dir='ltr'>plurimi</span> <span class='ocrx_word' id='word_1_214' title='bbox 1080 2607 1299 2690; x_wconf 89' lang='lat' dir='ltr'>hortarentur,</span> 
     </span>
     <span class='ocr_line' id='line_1_29' title="bbox 131 2695 1301 2780; baseline 0.003 -22"><span class='ocrx_word' id='word_1_215' title='bbox 131 2698 168 2759; x_wconf 91' lang='lat' dir='ltr'>ut</span> <span class='ocrx_word' id='word_1_216' title='bbox 185 2695 300 2759; x_wconf 92' lang='lat' dir='ltr'>domos</span> <span class='ocrx_word' id='word_1_217' title='bbox 320 2716 394 2759; x_wconf 90' lang='lat' dir='ltr'>suas</span> <span class='ocrx_word' id='word_1_218' title='bbox 414 2695 615 2760; x_wconf 88' lang='lat' dir='ltr'>discederent</span> <span class='ocrx_word' id='word_1_219' title='bbox 631 2698 864 2780; x_wconf 87' lang='lat' dir='ltr'>moenibusque</span> <span class='ocrx_word' id='word_1_220' title='bbox 884 2718 918 2760; x_wconf 92' lang='lat' dir='ltr'>se</span> <span class='ocrx_word' id='word_1_221' title='bbox 938 2696 1154 2780; x_wconf 86' lang='lat' dir='ltr'>defenderent,</span> <span class='ocrx_word' id='word_1_222' title='bbox 1172 2697 1301 2762; x_wconf 85' lang='lat' dir='ltr'>Themi·</span> 
     </span>
     <span class='ocr_line' id='line_1_30' title="bbox 132 2783 1302 2871; baseline 0.003 -23"><span class='ocrx_word' id='word_1_223' title='bbox 132 2784 249 2848; x_wconf 88' lang='lat' dir='ltr'>stocles</span> <span class='ocrx_word' id='word_1_224' title='bbox 272 2805 354 2847; x_wconf 89' lang='lat' dir='ltr'>unus</span> <span class='ocrx_word' id='word_1_225' title='bbox 377 2783 510 2849; x_wconf 91' lang='lat' dir='ltr'>restitit:</span> <span class='ocrx_word' id='word_1_226' title='bbox 541 2785 708 2848; x_wconf 89' lang='lat' dir='ltr'>universos</span> <span class='ocrx_word' id='word_1_227' title='bbox 733 2786 818 2848; x_wconf 89' lang='lat' dir='ltr'>enim</span> <span class='ocrx_word' id='word_1_228' title='bbox 846 2806 940 2867; x_wconf 89' lang='lat' dir='ltr'>pares</span> <span class='ocrx_word' id='word_1_229' title='bbox 964 2807 1034 2849; x_wconf 88' lang='lat' dir='ltr'>esse</span> <span class='ocrx_word' id='word_1_230' title='bbox 1062 2807 1158 2869; x_wconf 88' lang='lat' dir='ltr'>posse</span> <span class='ocrx_word' id='word_1_231' title='bbox 1183 2786 1302 2871; x_wconf 91' lang='lat' dir='ltr'>aiebat,</span> 
     </span>
     <span class='ocr_line' id='line_1_31' title="bbox 132 2871 1303 2959; baseline 0.004 -24"><span class='ocrx_word' id='word_1_232' title='bbox 132 2871 295 2956; x_wconf 90' lang='lat' dir='ltr'>dispersos</span> <span class='ocrx_word' id='word_1_233' title='bbox 317 2871 501 2936; x_wconf 87' lang='lat' dir='ltr'>testabatur</span> <span class='ocrx_word' id='word_1_234' title='bbox 523 2872 694 2957; x_wconf 90' lang='lat' dir='ltr'>perituros,</span> <span class='ocrx_word' id='word_1_235' title='bbox 716 2873 813 2957; x_wconf 88' lang='lat' dir='ltr'>idque</span> <span class='ocrx_word' id='word_1_236' title='bbox 833 2872 1014 2957; x_wconf 82' lang='lat' dir='ltr'>Eurybiadi</span> <span class='ocrx_word' id='word_1_237' title='bbox 1036 2874 1303 2959; x_wconf 88' lang='lat' dir='ltr'>Lacedaemonio,</span> 
     </span>
    </p>

    <p class='ocr_par' dir='ltr' id='par_1_11' title="bbox 96 2961 1304 3227">
     <span class='ocr_line' id='line_1_32' title="bbox 96 2961 1302 3046; baseline 0.003 -21"><span class='ocrx_word' id='word_1_238' title='bbox 96 2962 189 3045; x_wconf 76' lang='lat' dir='ltr'>aqui</span> <span class='ocrx_word' id='word_1_239' title='bbox 220 2965 290 3025; x_wconf 92' lang='lat' dir='ltr'>tum</span> <span class='ocrx_word' id='word_1_240' title='bbox 323 2982 468 3025; x_wconf 91' lang='lat' dir='ltr'>summae</span> <span class='ocrx_word' id='word_1_241' title='bbox 499 2961 627 3045; x_wconf 90' lang='lat' dir='ltr'>imperii</span> <span class='ocrx_word' id='word_1_242' title='bbox 658 2966 822 3046; x_wconf 89' lang='lat' dir='ltr'>praeerat,</span> <span class='ocrx_word' id='word_1_243' title='bbox 854 2962 923 3026; x_wconf 87' lang='lat' dir='ltr'>fore</span> <span class='ocrx_word' id='word_1_244' title='bbox 961 2962 1152 3027; x_wconf 87' lang='lat' dir='ltr'>affirmabat.</span> <span class='ocrx_word' id='word_1_245' title='bbox 1198 2963 1302 3040; x_wconf 81' lang='lat' dir='ltr'>Quem</span> 
     </span>
     <span class='ocr_line' id='line_1_33' title="bbox 132 3050 1302 3136; baseline 0.001 -20"><span class='ocrx_word' id='word_1_246' title='bbox 132 3072 205 3116; x_wconf 87' lang='lat' dir='ltr'>aum</span> <span class='ocrx_word' id='word_1_247' title='bbox 233 3051 339 3114; x_wconf 90' lang='lat' dir='ltr'>minus</span> <span class='ocrx_word' id='word_1_248' title='bbox 368 3071 464 3134; x_wconf 91' lang='lat' dir='ltr'>quam</span> <span class='ocrx_word' id='word_1_249' title='bbox 491 3050 591 3115; x_wconf 83' lang='lat' dir='ltr'>vellet</span> <span class='ocrx_word' id='word_1_250' title='bbox 617 3055 773 3133; x_wconf 87' lang='lat' dir='ltr'>moveret,</span> <span class='ocrx_word' id='word_1_251' title='bbox 800 3055 901 3116; x_wconf 91' lang='lat' dir='ltr'>noctu</span> <span class='ocrx_word' id='word_1_252' title='bbox 924 3051 962 3115; x_wconf 94' lang='lat' dir='ltr'>de</span> <span class='ocrx_word' id='word_1_253' title='bbox 986 3053 1087 3116; x_wconf 87' lang='lat' dir='ltr'>servis</span> <span class='ocrx_word' id='word_1_254' title='bbox 1116 3053 1182 3116; x_wconf 90' lang='lat' dir='ltr'>suis</span> <span class='ocrx_word' id='word_1_255' title='bbox 1206 3074 1302 3136; x_wconf 92' lang='lat' dir='ltr'>quem</span> 
     </span>
     <span class='ocr_line' id='line_1_34' title="bbox 132 3138 1304 3227; baseline 0.003 -24"><span class='ocrx_word' id='word_1_256' title='bbox 132 3139 248 3205; x_wconf 91' lang='lat' dir='ltr'>habuit</span> <span class='ocrx_word' id='word_1_257' title='bbox 265 3139 491 3204; x_wconf 90' lang='lat' dir='ltr'>fidelissimum</span> <span class='ocrx_word' id='word_1_258' title='bbox 511 3138 549 3204; x_wconf 89' lang='lat' dir='ltr'>ad</span> <span class='ocrx_word' id='word_1_259' title='bbox 569 3160 678 3224; x_wconf 87' lang='lat' dir='ltr'>regem</span> <span class='ocrx_word' id='word_1_260' title='bbox 697 3139 797 3223; x_wconf 91' lang='lat' dir='ltr'>misit,</span> <span class='ocrx_word' id='word_1_261' title='bbox 815 3143 852 3204; x_wconf 93' lang='lat' dir='ltr'>ut</span> <span class='ocrx_word' id='word_1_262' title='bbox 871 3140 900 3203; x_wconf 90' lang='lat' dir='ltr'>ei</span> <span class='ocrx_word' id='word_1_263' title='bbox 918 3140 1084 3205; x_wconf 88' lang='lat' dir='ltr'>nuntiaret</span> <span class='ocrx_word' id='word_1_264' title='bbox 1102 3142 1169 3205; x_wconf 89' lang='lat' dir='ltr'>suis</span> <span class='ocrx_word' id='word_1_265' title='bbox 1186 3142 1304 3227; x_wconf 85' lang='lat' dir='ltr'>verbis,</span> 
     </span>
    </p>

    <p class='ocr_par' dir='ltr' id='par_1_12' title="bbox 97 3227 1303 3577">
     <span class='ocr_line' id='line_1_35' title="bbox 97 3227 1303 3314; baseline 0.004 -24"><span class='ocrx_word' id='word_1_266' title='bbox 97 3243 115 3290; x_wconf 84' lang='lat'>4</span> <span class='ocrx_word' id='word_1_267' title='bbox 134 3229 336 3295; x_wconf 83' lang='lat' dir='ltr'>adversarios</span> <span class='ocrx_word' id='word_1_268' title='bbox 359 3232 427 3293; x_wconf 93' lang='lat' dir='ltr'>eius</span> <span class='ocrx_word' id='word_1_269' title='bbox 451 3229 485 3292; x_wconf 89' lang='lat' dir='ltr'>in</span> <span class='ocrx_word' id='word_1_270' title='bbox 508 3228 587 3314; x_wconf 88' lang='lat' dir='ltr'>fuga</span> <span class='ocrx_word' id='word_1_271' title='bbox 605 3249 688 3293; x_wconf 85' lang='lat' dir='ltr'>esse:</span> <span class='ocrx_word' id='word_1_272' title='bbox 712 3229 766 3311; x_wconf 94' lang='lat' dir='ltr'>qui</span> <span class='ocrx_word' id='word_1_273' title='bbox 785 3228 814 3292; x_wconf 87' lang='lat' dir='ltr'>ai</span> <span class='ocrx_word' id='word_1_274' title='bbox 832 3227 1064 3307; x_wconf 87' lang='lat' dir='ltr'>discessissent,</span> <span class='ocrx_word' id='word_1_275' title='bbox 1087 3230 1210 3294; x_wconf 89' lang='lat' dir='ltr'>maiore</span> <span class='ocrx_word' id='word_1_276' title='bbox 1228 3251 1303 3295; x_wconf 87' lang='lat' dir='ltr'>eum</span> 
     </span>
     <span class='ocr_line' id='line_1_36' title="bbox 131 3316 1303 3469; baseline 0.003 -88"><span class='ocrx_word' id='word_1_277' title='bbox 131 3316 243 3381; x_wconf 92' lang='lat' dir='ltr'>labore</span> <span class='ocrx_word' id='word_1_278' title='bbox 267 3321 300 3381; x_wconf 91' lang='lat' dir='ltr'>et</span> <span class='ocrx_word' id='word_1_279' title='bbox 323 3319 548 3469; x_wconf 81' lang='lat' dir='ltr'>longinquiore</span> <span class='ocrx_word' id='word_1_280' title='bbox 571 3321 717 3402; x_wconf 90' lang='lat' dir='ltr'>tempore</span> <span class='ocrx_word' id='word_1_281' title='bbox 739 3316 862 3381; x_wconf 92' lang='lat' dir='ltr'>bellum</span> <span class='ocrx_word' id='word_1_282' title='bbox 886 3316 1011 3389; x_wconf 86' lang='lat' dir='ltr'>confect</span> <span class='ocrx_word' id='word_1_283' title='bbox 1011 3339 1114 3399; x_wconf 91' lang='lat' dir='ltr'>urum,</span> <span class='ocrx_word' id='word_1_284' title='bbox 1140 3341 1213 3383; x_wconf 91' lang='lat' dir='ltr'>cum</span> <span class='ocrx_word' id='word_1_285' title='bbox 1237 3321 1303 3384; x_wconf 90' lang='lat' dir='ltr'>sin·</span> 
     </span>
     <span class='ocr_line' id='line_1_37' title="bbox 132 3405 1302 3508; baseline 0.003 -40"><span class='ocrx_word' id='word_1_286' title='bbox 132 3405 228 3490; x_wconf 88' lang='lat' dir='ltr'>gulos</span> <span class='ocrx_word' id='word_1_287' title='bbox 252 3407 432 3471; x_wconf 87' lang='lat' dir='ltr'>consectari</span> <span class='ocrx_word' id='word_1_288' title='bbox 455 3410 637 3492; x_wconf 89' lang='lat' dir='ltr'>cogeretur.</span> <span class='ocrx_word' id='word_1_289' title='bbox 661 3407 713 3470; x_wconf 90' lang='lat' dir='ltr'>sin</span> <span class='ocrx_word' id='word_1_290' title='bbox 732 3411 842 3471; x_wconf 89' lang='lat' dir='ltr'>eost</span> <span class='ocrx_word' id='word_1_291' title='bbox 811 3407 923 3470; x_wconf 89' lang='lat' dir='ltr'>statim</span> <span class='ocrx_word' id='word_1_292' title='bbox 947 3407 1186 3508; x_wconf 84' lang='lat' dir='ltr'>aggrederetur,</span> <span class='ocrx_word' id='word_1_293' title='bbox 1209 3408 1302 3472; x_wconf 87' lang='lat' dir='ltr'>brevi</span> 
     </span>
     <span class='ocr_line' id='line_1_38' title="bbox 132 3493 1303 3578; baseline 0.003 -20"><span class='ocrx_word' id='word_1_294' title='bbox 132 3493 302 3558; x_wconf 84' lang='lat' dir='ltr'>universos</span> <span class='ocrx_word' id='word_1_295' title='bbox 326 3515 562 3577; x_wconf 90' lang='lat' dir='ltr'>oppressurum.</span> <span class='ocrx_word' id='word_1_296' title='bbox 606 3494 679 3560; x_wconf 91' lang='lat' dir='ltr'>Hoc</span> <span class='ocrx_word' id='word_1_297' title='bbox 703 3516 740 3559; x_wconf 89' lang='lat' dir='ltr'>eo</span> <span class='ocrx_word' id='word_1_298' title='bbox 764 3493 1235 3578; x_wconf 81' lang='lat' dir='ltr'>valebat,ut&#39;1nvit1t1Graeci</span> <span class='ocrx_word' id='word_1_299' title='bbox 1260 3496 1303 3561; x_wconf 89' lang='lat' dir='ltr'>ad</span> 
     </span>
    </p>

    <p class='ocr_par' dir='ltr' id='par_1_13' title="bbox 95 3544 1303 3668">
     <span class='ocr_line' id='line_1_39' title="bbox 95 3544 1303 3668; baseline 0.002 -22"><span class='ocrx_word' id='word_1_300' title='bbox 95 3596 113 3646; x_wconf 86' lang='lat'>5</span> <span class='ocrx_word' id='word_1_301' title='bbox 132 3580 383 3666; x_wconf 89' lang='lat' dir='ltr'>depugnandum</span> <span class='ocrx_word' id='word_1_302' title='bbox 402 3603 514 3649; x_wconf 86' lang='lat' dir='ltr'>omnes</span> <span class='ocrx_word' id='word_1_303' title='bbox 532 3587 730 3668; x_wconf 88' lang='lat' dir='ltr'>cogerentur.</span> <span class='ocrx_word' id='word_1_304' title='bbox 758 3544 923 3647; x_wconf 78' lang='lat' dir='ltr'>Barbarris</span> <span class='ocrx_word' id='word_1_305' title='bbox 941 3605 976 3647; x_wconf 91' lang='lat' dir='ltr'>re</span> <span class='ocrx_word' id='word_1_306' title='bbox 996 3584 1086 3648; x_wconf 90' lang='lat' dir='ltr'>audit</span> <span class='ocrx_word' id='word_1_307' title='bbox 1072 3588 1114 3668; x_wconf 91' lang='lat' dir='ltr'>ta,</span> <span class='ocrx_word' id='word_1_308' title='bbox 1130 3584 1214 3649; x_wconf 91' lang='lat' dir='ltr'>nihil</span> <span class='ocrx_word' id='word_1_309' title='bbox 1233 3584 1303 3652; x_wconf 92' lang='lat' dir='ltr'>doli</span> 
     </span>
    </p>
   </div>
   <div class='ocr_carea' id='block_1_3' title="bbox 131 3808 1306 4380">
    <p class='ocr_par' dir='ltr' id='par_1_14' title="bbox 131 3808 1306 4380">
     <span class='ocr_line' id='line_1_40' title="bbox 169 3808 1303 3882; baseline 0.004 -18"><span class='ocrx_word' id='word_1_310' title='bbox 169 3809 191 3880; x_wconf 82' lang='grc'>7)</span> <span class='ocrx_word' id='word_1_311' title='bbox 219 3809 358 3866; x_wconf 79' lang='lat' dir='ltr'>Genauer:</span> <span class='ocrx_word' id='word_1_312' title='bbox 382 3808 463 3866; x_wconf 89' lang='lat' dir='ltr'>Viele</span> <span class='ocrx_word' id='word_1_313' title='bbox 488 3810 621 3865; x_wconf 89' lang='lat' dir='ltr'>deuteten</span> <span class='ocrx_word' id='word_1_314' title='bbox 644 3808 690 3864; x_wconf 90' lang='lat' dir='ltr'>die</span> <span class='ocrx_word' id='word_1_315' title='bbox 780 3810 801 3878; x_wconf 85' lang='grc'>7)</span> <span class='ocrx_word' id='word_1_316' title='bbox 824 3811 885 3866; x_wconf 86' lang='grc' dir='ltr'>Νιιι</span> <span class='ocrx_word' id='word_1_317' title='bbox 904 3809 950 3864; x_wconf 91' lang='lat' dir='ltr'>die</span> <span class='ocrx_word' id='word_1_318' title='bbox 968 3811 1069 3866; x_wconf 86' lang='lat' dir='ltr'>Laced.</span> <span class='ocrx_word' id='word_1_319' title='bbox 1088 3810 1146 3866; x_wconf 85' lang='lat' dir='ltr'>und</span> <span class='ocrx_word' id='word_1_320' title='bbox 1164 3811 1269 3866; x_wconf 85' lang='lat' dir='ltr'>Thes</span> <span class='ocrx_word' id='word_1_321' title='bbox 1239 3829 1303 3882; x_wconf 86' lang='lat' dir='ltr'>pror</span> 
     </span>
     <span class='ocr_line' id='line_1_41' title="bbox 132 3879 1303 3939; baseline 0.002 -2"><span class='ocrx_word' id='word_1_322' title='bbox 132 3881 231 3937; x_wconf 89' lang='lat' dir='ltr'>Worte</span> <span class='ocrx_word' id='word_1_323' title='bbox 258 3880 306 3936; x_wconf 89' lang='lat' dir='ltr'>des</span> <span class='ocrx_word' id='word_1_324' title='bbox 334 3880 450 3937; x_wconf 79' lang='lat' dir='ltr'>Oralrels</span> <span class='ocrx_word' id='word_1_325' title='bbox 479 3882 530 3936; x_wconf 82' lang='lat' dir='ltr'>auf</span> <span class='ocrx_word' id='word_1_326' title='bbox 553 3880 615 3935; x_wconf 92' lang='lat' dir='ltr'>eine</span> <span class='ocrx_word' id='word_1_327' title='bbox 639 3899 689 3935; x_wconf 88' lang='lat' dir='ltr'>un-</span> <span class='ocrx_word' id='word_1_328' title='bbox 743 3879 833 3936; x_wconf 90' lang='lat' dir='ltr'>fielen.</span> <span class='ocrx_word' id='word_1_329' title='bbox 866 3882 919 3937; x_wconf 89' lang='lat' dir='ltr'>Die</span> <span class='ocrx_word' id='word_1_330' title='bbox 937 3881 1085 3937; x_wconf 84' lang='lat' dir='ltr'>Thebaner</span> <span class='ocrx_word' id='word_1_331' title='bbox 1102 3884 1217 3938; x_wconf 85' lang='lat' dir='ltr'>wurden</span> <span class='ocrx_word' id='word_1_332' title='bbox 1235 3901 1303 3939; x_wconf 85' lang='lat' dir='ltr'>vom</span> 
     </span>
     <span class='ocr_line' id='line_1_42' title="bbox 132 3951 1302 4025; baseline 0.003 -19"><span class='ocrx_word' id='word_1_333' title='bbox 132 3951 852 4022; x_wconf 76' lang='lat' dir='ltr'>gluckhcheSeeschlachtbe1Salam1sKoniga</span> <span class='ocrx_word' id='word_1_334' title='bbox 888 3952 1045 4009; x_wconf 88' lang='lat' dir='ltr'>verschont</span> <span class='ocrx_word' id='word_1_335' title='bbox 1091 3953 1143 4008; x_wconf 87' lang='lat' dir='ltr'>Dio</span> <span class='ocrx_word' id='word_1_336' title='bbox 1179 3955 1302 4025; x_wconf 77' lang='lat' dir='ltr'>fibrigen</span> 
     </span>
     <span class='ocr_line' id='line_1_43' title="bbox 132 3992 1303 4094; baseline 0.003 -16"><span class='ocrx_word' id='word_1_337' title='bbox 132 4025 268 4079; x_wconf 85' lang='lat' dir='ltr'>Themist.</span> <span class='ocrx_word' id='word_1_338' title='bbox 288 4025 355 4079; x_wconf 88' lang='lat' dir='ltr'>aber</span> <span class='ocrx_word' id='word_1_339' title='bbox 373 4023 542 4094; x_wconf 86' lang='lat' dir='ltr'>uberzeugte</span> <span class='ocrx_word' id='word_1_340' title='bbox 561 4024 608 4093; x_wconf 89' lang='lat' dir='ltr'>sie,</span> <span class='ocrx_word' id='word_1_341' title='bbox 628 3992 689 4078; x_wconf 77' lang='lat' dir='ltr'>dasi</span> <span class='ocrx_word' id='word_1_342' title='bbox 741 4022 991 4092; x_wconf 83' lang='lat' dir='ltr'>Buadesgenoasen</span> <span class='ocrx_word' id='word_1_343' title='bbox 1005 4025 1083 4079; x_wconf 89' lang='lat' dir='ltr'>hatte</span> <span class='ocrx_word' id='word_1_344' title='bbox 1092 4024 1303 4081; x_wconf 85' lang='lat' dir='ltr'>Leonidasvor·</span> 
     </span>
     <span class='ocr_line' id='line_1_44' title="bbox 132 4094 1306 4237; baseline 0.004 -18"><span class='ocrx_word' id='word_1_345' title='bbox 132 4095 194 4237; x_wconf 70' lang='lat' dir='ltr'>eiqq</span> <span class='ocrx_word' id='word_1_346' title='bbox 209 4095 585 4236; x_wconf 50' lang='lat' dir='ltr'>Iliiidriillbllsgrigblhdtgrrii}</span> <span class='ocrx_word' id='word_1_347' title='bbox 595 4165 690 4219; x_wconf 83' lang='lat' dir='ltr'>daem</span> <span class='ocrx_word' id='word_1_348' title='bbox 742 4094 801 4235; x_wconf 67' lang='lat' dir='ltr'>hel)</span> <span class='ocrx_word' id='word_1_349' title='bbox 811 4096 1306 4225; x_wconf 60' lang='lat' dir='ltr'>biiliiheliiarerstinseraahlacht</span> 
     </span>
     <span class='ocr_line' id='line_1_45' title="bbox 132 4236 1010 4306; baseline 0 -15"><span class='ocrx_word' id='word_1_350' title='bbox 132 4253 185 4306; x_wconf 91' lang='lat' dir='ltr'>cap</span> <span class='ocrx_word' id='word_1_351' title='bbox 188 4236 480 4306; x_wconf 76' lang='lat' dir='ltr'>.IIIErzthltevoran‚</span> <span class='ocrx_word' id='word_1_352' title='bbox 486 4236 689 4292; x_wconf 87' lang='lat' dir='ltr'>wiedurchdaa</span> <span class='ocrx_word' id='word_1_353' title='bbox 741 4237 789 4292; x_wconf 90' lang='lat' dir='ltr'>bei</span> <span class='ocrx_word' id='word_1_354' title='bbox 808 4236 927 4291; x_wconf 87' lang='lat' dir='ltr'>Salamis</span> <span class='ocrx_word' id='word_1_355' title='bbox 946 4237 1010 4291; x_wconf 82' lang='lat' dir='ltr'>roll</span> 
     </span>
     <span class='ocr_line' id='line_1_46' title="bbox 131 4255 1129 4380; baseline 0.001 -19"><span class='ocrx_word' id='word_1_356' title='bbox 131 4255 265 4376; x_wconf 73' lang='lat' dir='ltr'>folpgende</span> <span class='ocrx_word' id='word_1_357' title='bbox 288 4310 400 4366; x_wconf 84' lang='lat' dir='ltr'>interim</span> <span class='ocrx_word' id='word_1_358' title='bbox 421 4308 592 4380; x_wconf 77' lang='lat' dir='ltr'>angadeut0t</span> <span class='ocrx_word' id='word_1_359' title='bbox 609 4307 688 4363; x_wconf 83' lang='lat' dir='ltr'>wird.</span> <span class='ocrx_word' id='word_1_360' title='bbox 782 4308 902 4377; x_wconf 80' lang='lat' dir='ltr'>⁷)Anm.</span> <span class='ocrx_word' id='word_1_361' title='bbox 921 4325 955 4362; x_wconf 81' lang='lat' dir='ltr'>zu</span> <span class='ocrx_word' id='word_1_362' title='bbox 974 4308 1046 4365; x_wconf 87' lang='lat' dir='ltr'>Milt.</span> <span class='ocrx_word' id='word_1_363' title='bbox 1064 4308 1085 4379; x_wconf 88' lang='grc' dir='ltr'>Ι,</span> <span class='ocrx_word' id='word_1_364' title='bbox 1103 4314 1129 4366; x_wconf 84' lang='grc'>4</span> 
     </span>
    </p>
   </div>
   <div class='ocr_carea' id='block_1_4' title="bbox 0 0 1416 4786">
    <p class='ocr_par' dir='ltr' id='par_1_15' title="bbox 0 0 1416 4786">
     <span class='ocr_line' id='line_1_47' title="bbox 0 0 1416 4786; baseline 0 0"><span class='ocrx_word' id='word_1_365' title='bbox 0 0 1416 4786; x_wconf 95' lang='lat' dir='ltr'> </span> 
     </span>
    </p>
   </div>
  </div>
 </body>
</html>
