2812 4786
114 172 157 235 96
553 170 715 228 ATTICUS.
740 178 782 226 21.
802 177 845 225 22.

113 335 195 399 nihil
228 355 358 398 necesse
394 338 444 398 est
481 334 628 418 pluribus
665 333 774 399 verbis
809 354 1078 418 commemorare,
1116 359 1168 402 me
1205 339 1287 405 nihil

113 422 231 506 reliqui
266 423 394 503 fecisse,
426 423 511 505 quod
547 423 588 486 ad
621 422 801 487 sanandum
837 443 887 486 me
919 423 1107 505 pertineret.
1163 426 1287 502 Quibus

115 512 277 597 quoniam,
295 514 332 574 ut
350 532 454 594 spero,
477 510 631 594 satisfeci,
653 513 814 596 reliquum
837 514 940 575 estut
959 517 1089 596 egomet
1108 506 1189 578 mihi
1213 538 1286 581 con-

78 602 227 666 ssulam.
271 598 309 663 Id
332 620 390 663 vos
419 601 571 685 ignorare
599 599 704 665 nolui:
734 621 811 664 nam
834 598 916 663 mihi
939 602 1007 663 stat
1029 601 1115 667 alere
1139 604 1288 669 morbum
1399 655 1403 665 ,

114 689 267 754 desinere.
312 686 460 771 Namque
488 689 538 752 his
566 688 680 753 diebus
709 688 864 772 quidquid
888 687 1112 772 cibisumpsi,
1141 693 1191 756 ita
1214 715 1286 776 pro-

113 777 189 841 duxi
206 777 319 857 vitam,
337 780 374 841 ut
393 778 535 841 auxerim
555 776 682 842 dolores
701 779 770 842 sine
789 798 846 862 spe
865 776 989 841 salutis.
1026 776 1132 853 Quare
1152 801 1172 842 a
1191 782 1285 846 vobis

112 869 189 948 peto
212 865 352 947 primum
370 869 408 929 ut
425 866 569 948 probetis
589 865 759 931 consilium
779 887 895 949 meum,
913 861 1084 951 deinde⁶²),
1101 887 1142 930 ne
1160 867 1286 934 frustra

115 954 317 1018 dehortando
341 955 498 1037 impedire
521 953 692 1019 conemini.

80 1061 93 1107 r
201 1042 303 1107 XXII.
341 1042 411 1106 Hac
438 1043 585 1107 oratione
609 1043 723 1107 habita
745 1044 839 1106 tanta
866 1042 1052 1107 constantia
1074 1043 1164 1107 vocis
1188 1047 1285 1128 atque

114 1131 235 1214 vultus,
266 1135 304 1195 ut
335 1153 401 1196 non
434 1153 473 1195 ex
504 1132 586 1211 vita,
619 1131 674 1196 sed
707 1152 746 1194 ex
776 1131 871 1194 domo
900 1130 936 1194 in
962 1129 1095 1196 domum
1122 1132 1286 1197 videretur

78 1221 267 1304 emigrare,
300 1241 373 1284 cum
407 1216 583 1306 quidem⁶³)
612 1219 762 1304 Agrippa
794 1239 868 1281 eum
899 1218 981 1283 flens
1011 1223 1108 1303 atque
1137 1222 1285 1285 osculans

115 1315 222 1372 oraret
250 1314 345 1392 atque
374 1307 572 1390 obsecraret,
599 1330 640 1372 ne
667 1307 716 1386 id,
744 1303 874 1390 quodu)
901 1309 1019 1372 natura
1046 1313 1188 1392 cogeret,
1218 1311 1286 1393 ipse

114 1418 240 1480 quoque
264 1397 327 1460 sibi
347 1397 547 1478 acceleraret,
570 1400 603 1460 et
622 1397 774 1480 quoniam
795 1399 865 1458 tum
884 1417 1012 1479 quoque
1037 1400 1143 1479 posset
1162 1403 1286 1479 tempo

113 1481 248 1570 ribus⁶⁵)
272 1506 452 1567 superesse,
481 1506 515 1548 se
539 1485 602 1549 sibi
630 1485 760 1568 suisque
783 1489 976 1561 reservaret,
1003 1484 1056 1549 ille
1078 1505 1190 1567 preces
1213 1487 1285 1549 eius

77 1574 277 1639 ataciturne
301 1595 360 1637 sua
384 1572 603 1638 obstinatione
627 1573 795 1657 depressit.
832 1570 885 1637 Sic
904 1593 977 1636 cum
996 1571 1130 1636 biduum
1155 1572 1228 1638 cibo
1252 1594 1285 1636 se

115 1662 334 1740 abstinuisset,
354 1661 462 1726 subito
478 1662 575 1726 febris
595 1662 728 1726 recessit
741 1660 907 1744 leviorque
927 1660 1059 1724 morbus
1080 1681 1151 1724 esse
1170 1661 1284 1744 coepit.

114 1748 238 1815 Tamen
265 1751 469 1835 propositum
500 1751 601 1814 nihilo
630 1751 730 1815 setius
758 1752 893 1834 peregit
938 1748 1054 1833 Itaque
1083 1750 1133 1812 die
1165 1750 1288 1832 quinto,

111 1845 285 1923 postquam
309 1840 341 1903 id
365 1839 535 1904 consilium
558 1839 684 1922 inierat,
707 1839 808 1922 pridie
827 1836 903 1902 Kal.
916 1837 1047 1921 Apriles
1066 1835 1123 1903 On.
1142 1837 1287 1903 Domitio

76 1926 146 1992 40.
170 1925 261 1993 Sosio
290 1928 477 1993 consulibus
508 1928 654 1992 decessit.
698 1925 815 1991 Elatus
844 1931 893 1990 est
920 1926 955 1991 in
976 1926 1137 2010 lecticula,
1169 1928 1211 2007 [a.
1231 1927 1287 2007 32]

111 2018 149 2077 ut
172 2017 242 2099 ipse
265 2017 532 2100 praescripserat,
561 2018 629 2080 sine
655 2016 719 2079 ulla
741 2037 862 2099 pompa
889 2015 1027 2098 funeris,
1054 2015 1286 2079 comitantibus

113 2103 264 2168 omnihus
288 2104 395 2185 bonis,
424 2104 564 2167 maxima
586 2105 677 2188 vulgi
704 2103 893 2187 frequentia.
938 2101 1091 2187 Sepultus
1122 2107 1173 2168 est
1195 2104 1286 2168 iuxta
1391 2130 1393 2135 ·

111 2191 198 2256 viam
222 2191 363 2343 Alppiam
387 2192 428 2256 ad
451 2193 599 2275 quintum
623 2191 764 2274 lapidem
787 2193 821 2256 in
846 2195 1058 2256 monumento
1082 2191 1119 2267 Q.
1144 2190 1285 2274 Caecilii,

113 2302 265 2345 avuncu1
289 2303 347 2344 sur.

150 2471 185 2541 ⁶²)
204 2471 312 2526 Deinde
345 2472 421 2526 steht
453 2472 514 2526 hier
547 2472 576 2526 in
609 2471 673 2526 dem
727 2470 803 2538 quod
826 2471 903 2524 steht
925 2469 997 2524 auch
1020 2467 1075 2524 Cic.
1094 2468 1123 2523 in
1142 2469 1222 2523 Verr.
1240 2468 1287 2534 IV,

114 2542 199 2624 Sinne
218 2561 272 2626 von
290 2542 321 2596 id
334 2544 360 2625 si
377 2560 433 2598 non
448 2542 605 2625 potueritis,
620 2543 673 2597 wie
727 2547 742 2606 §
758 2546 815 2594 142.
834 2540 898 2610 Vgl
908 2542 968 2594 Att.
978 2539 1051 2609 XIII,
1070 2546 1095 2596 2.
1127 2540 1207 2609 Verg.
1218 2539 1287 2593 Aen.

114 2630 293 2751 prprppnpnmm
306 2613 618 2752 nsumdhnhtrlldlddlme'
727 2611 959 2752 maledomim
995 2681 1033 2736 ist
1063 2680 1114 2736 der
1144 2679 1289 2735 drohende

152 2754 187 2823 84)
207 2757 251 2809 Ad
266 2756 341 2823 quod
360 2755 483 2810 schreibt
497 2755 620 2824 Georges
634 2756 673 2809 im
728 2752 915 2823 Bflrgerkrieg
946 2753 1084 2807 awischen
1116 2750 1289 2806 Octavianus

115 2824 215 2879 Philol.
227 2825 351 2894 XXXIII,
367 2827 460 2880 seat
479 2825 673 2880 Dochblosses
727 2826 785 2879 und
804 2823 950 2880 Antonius.
