2812 4786
345 216 377 272 x.
406 216 505 272 DION.
531 223 572 274 10.
609 218 656 273 xl.
684 216 905 274 IPfllcuATnS.
930 225 953 272 1.
1192 218 1233 282 37
1333 283 1337 290 ,

60 381 238 447 cubantem
265 379 435 464 invadunt,
463 381 637 465 colligant:
664 382 702 444 fit
730 381 896 465 strepitus,
925 381 1004 447 adeo
1032 385 1069 445 ut
1092 381 1269 447 exaudiris

57 473 176 554 posset
197 468 288 534 ioris.
324 467 396 549 His,
419 470 503 535 sicut
521 472 597 534 ante
621 491 716 553 saepe
724 466 764 554 ³⁴)
788 469 988 553 dictumest,
1011 491 1107 553 quam
1129 470 1234 536 invisa

60 560 109 624 sit
136 559 308 643 singularis
331 559 478 642 potentia
500 562 534 624 et
556 559 739 623 miseranda
762 559 842 641 vita,
871 558 927 644 qui
950 580 985 623 se
1007 558 1109 625 metui
1136 581 1234 643 quam

60 648 168 713 amari
196 647 335 730 malunt,
362 648 464 713 cuivis
491 647 585 712 facilc
611 648 777 713 intellectu
803 648 874 712 fuit.
915 645 1063 731 Namque
1090 647 1140 712 illi
1169 649 1268 731 ipsis

60 735 223 820 custodes,
243 736 270 800 si
287 740 440 820 prompta
458 735 598 801 fuissent
610 737 788 820 voluntate,
805 736 931 802 foribus
946 737 1087 802 effractis
1107 759 1234 801 servare

60 847 138 891 eum
155 825 348 910 potuissent,
371 825 456 910 quod
474 825 524 889 illi
543 827 682 890 inermes
701 826 802 890 telum
819 825 900 890 ioris
920 825 1106 911 flagitantes
1125 825 1235 891 vivum

60 913 226 980 tenebant.
264 910 324 978 Cui
348 936 421 978 cum
445 918 643 979 succurreret
665 936 771 998 nemo,
788 912 876 998 Lyco
886 911 926 1000 35)
950 914 1081 999 quidam
1100 912 1234 997 Syracu-

61 1025 162 1068 sanus
185 1024 243 1086 per
265 1002 440 1067 fenestram
464 1003 610 1087 gladium
634 1003 734 1081 dedit,
764 1024 828 1086 quo
851 1000 939 1068 Dion
961 1003 1152 1068 interfectus
1177 1009 1235 1067 est.

152 1091 190 1157 X.
228 1089 385 1156 Confecta
416 1091 527 1176 caede,
555 1112 627 1156 cum
660 1092 832 1157 multitudo
865 1092 989 1156 visendi
1021 1092 1128 1178 gratia
1160 1106 1270 1157 con-1

60 1180 214 1264 venisset,
233 1181 383 1245 nonnulli
403 1181 441 1245 de
460 1179 572 1246 insciis
590 1202 649 1265 pro
669 1179 776 1245 noxiis
790 1181 1012 1246 conciduntur.
1039 1180 1071 1246 N
1074 1203 1127 1246 am
1141 1182 1236 1245 celeri

59 1291 194 1335 rumore
212 1268 323 1352 dilato,
337 1268 435 1334 Dioni
450 1270 516 1335 rim
536 1270 680 1354 allatam,
700 1270 796 1334 multi
815 1267 1098 1354 concurrerantffl‘),
1117 1270 1234 1353 quibus

59 1360 131 1423 tale
149 1358 275 1423 facinus
299 1358 501 1442 displicebat.
533 1357 579 1422 Hi
602 1358 686 1423 falsa
709 1359 893 1443 suspicione
917 1360 1004 1424 ducti
1027 1360 1234 1426 immerentes

60 1452 100 1512 ut
133 1449 307 1513 sceleratos
340 1448 499 1512 occidunt.
545 1446 637 1511 Illius
670 1451 781 1512 autem
808 1447 847 1512 de
879 1453 984 1514 morte
1011 1452 1049 1513 ut
1080 1444 1271 1534 palam³⁷)2

61 1537 189 1602 factum
212 1540 275 1619 est,
298 1536 494 1601 mirabiliter
516 1536 614 1620 vulgo
638 1540 763 1601 mutata
792 1541 842 1601 est
864 1538 1024 1603 voluntas.
1069 1537 1156 1602 Nam
1181 1537 1236 1621 qui

60 1628 175 1692 virum
198 1626 293 1689 modo
317 1628 492 1710 tyrannum
515 1627 709 1709 vocitarent,
732 1625 818 1690 idem
842 1630 1005 1691 mortuum
1028 1627 1236 1691 liberatorem

62 1716 192 1799 patriae
222 1715 415 1797 tyrannique
448 1715 653 1798 expulsorem
684 1714 925 1797 praedicabant.
971 1715 1019 1778 Ac
1050 1713 1095 1778 sic
1126 1714 1235 1779 subito

62 1803 289 1868 misericordia
312 1802 386 1868 odio
412 1807 623 1883 successerat,
646 1806 684 1868 ut
707 1825 781 1868 enm
805 1825 863 1868 suo
888 1804 1046 1888 sanguine
1070 1803 1111 1868 ab
1133 1802 1236 1866 Ache-

63 1897 173 1976 runte,
190 1892 218 1957 si
237 1897 381 1979 possent,
400 1895 555 1977 cuperent
567 1890 731 1957 redimere.
754 1892 870 1977 Itaque
884 1893 919 1957 in
932 1893 1012 1957 urbe
1026 1891 1236 1958 celeberrimo
1256 1905 1272 1954 3

61 1981 149 2065 loco,
171 1981 276 2046 elatus
299 1981 444 2065 publice,
473 1981 614 2064 sepulcri
642 1985 854 2047 monumento
878 1982 1016 2047 donatus
1040 1985 1098 2046 est.
1133 1980 1237 2046 -Diern

63 2069 150 2134 obiit
172 2071 298 2136 circiter
318 2092 421 2136 annos
442 2070 679 2156 quinquaginta
698 2072 839 2156 quinque
857 2074 964 2155 natus,
987 2075 1138 2155 quartum
1161 2075 1238 2154 post

63 2180 195 2243 annum,
218 2181 315 2243 quam
338 2181 377 2224 ex
400 2160 623 2243 Peloponneso
646 2161 679 2224 in
704 2158 849 2225 Siciliam
876 2161 1017 2225 redierat

546 2357 758 2364 ..--·-——--——-

454 2517 516 2589 XI.
549 2513 845 2590 IPHIORATES.

151 2656 176 2720 I.
218 2655 397 2740 Iphicrates
430 2654 640 2720 Atheniensis
672 2676 739 2720 non
770 2658 839 2718 tam
871 2654 1093 2740 magnitudine
1125 2671 1269 2718 rerumr

65 2750 234 2832 gestarum
254 2767 352 2830 quam
371 2746 542 2829 disciplina
560 2743 728 2829 militari¹)
751 2743 944 2809 nobilitatus
964 2749 1021 2811 est.
1058 2743 1134 2809 Fuit
1152 2742 1237 2807 enim

62 2835 144 2900 talis
168 2834 245 2916 dux,
269 2838 306 2899 ut
330 2856 395 2900 non
425 2835 527 2899 solum
554 2854 631 2898 suae
655 2833 773 2898 aetatis
797 2855 869 2898 cnm
897 2833 1012 2917 primis
1036 2854 1237 2916 comparare-

61 2927 133 3008 tur,
161 2922 217 2990 sed
245 2945 286 2987 ne
315 2923 354 2988 de
383 2922 560 2988 maioribus
569 2918 595 3008 ²)
626 2921 755 3006 quidem
779 2923 949 3008 quisquam
979 2925 1237 3006 anteponeretur.

63 3012 235 3096 Nusquam
263 3014 358 3096 culpa
386 3011 470 3076 male
498 3031 567 3075 rem
595 3011 710 3095 gessit,
738 3016 930 3097 tantumque
960 3011 1096 3077 consilio
1126 3011 1271 3094 valuit‚2

62 3107 101 3166 ut
128 3103 232 3166 multa
254 3103 345 3166 inre
373 3101 509 3165 militari
531 3100 652 3184 partim
675 3122 760 3165 nova
789 3099 935 3164 attulerit
957 3101 1074 3183 partim
1100 3099 1235 3163 meliora

62 3189 184 3256 fecerit.
229 3188 376 3275 Namque
409 3188 572 3273 pedestria
603 3210 693 3253 arma
725 3188 872 3253 mutavit.
917 3187 999 3253 Gum
1032 3192 1105 3252 ante
1142 3187 1271 3250 illuma

63 3279 296 3363 imperatorem
320 3279 469 3342 maximis
493 3277 620 3362 clipeis,
643 3277 794 3343 brevibus
817 3276 935 3356 hastis,
959 3277 1093 3341 minutis
1117 3274 1236 3361 gladiis

103 3470 139 3543 ⁸⁴)
166 3469 216 3527 Bei
233 3471 353 3527 blossem
371 3472 465 3538 Beaug
487 3468 588 3536 aus,
607 3475 623 3524 3
678 3468 853 3524 bestimmtes
867 3469 989 3524 Gerfioht
1002 3467 1161 3524 verbreitet.
1176 3469 1234 3524 Der

62 3543 160 3597 warde
201 3560 286 3612 supra
327 3543 399 3597 statt
438 3542 504 3596 ante
541 3557 624 3610 saepe
677 3539 825 3594 Ausdruck
838 3540 940 3611 gehbrt
954 3539 1234 3610 derang'arsprache

63 3615 172 3670 slehen.
208 3613 272 3684 Vgl.
296 3612 392 3682 Pelcp.
416 3611 465 3681 IV,
487 3618 511 3668 1.
549 3612 625 3666 Aber
678 3628 723 3679 an,
742 3610 911 3680 wenigstens
930 3610 969 3665 im
988 3610 1083 3666 Aktiv.

62 3685 160 3754 Nepos
195 3685 306 3739 beaieht
338 3685 398 3738 sich
429 3683 480 3738 auf
512 3683 624 3738 frdhere
715 3683 736 3753 ¹)
754 3681 828 3737 Disc.
838 3683 896 3737 mil.
910 3683 948 3737 iet
962 3681 1023 3737 hier
1035 3683 1114 3737 nicht
1122 3681 1234 3752 Kriegs-
1348 3731 1356 3747 ,

62 3743 259 3826 ilulsernngen
282 3755 374 3810 ausser
395 3753 501 3810 diesem
519 3754 623 3809 Buche.
677 3755 768 3820 aucht,
781 3754 901 3808 eundern
911 3752 1106 3824 Kriegekunst,
1121 3752 1233 3808 Taktik.

102 3826 136 3897 ⁸⁶)
155 3826 397 3882 Wahrscheinlich
411 3825 487 3881 einer
500 3841 555 3880 von
570 3825 624 3880 den
678 3826 730 3880 Die
746 3826 856 3880 Thaten
872 3825 921 3879 des
934 3824 1036 3894 Iphicr.
1051 3840 1144 3878 waren
1163 3840 1235 3878 zwar

63 3898 216 3968 praefectis
235 3898 390 3954 custodum.
678 3898 818 3962 illustres,
855 3896 922 3950 aber
961 3895 1041 3949 nicht
1082 3893 1235 3963 cigentlieh

101 3969 136 4039 ⁸⁶)
157 3968 223 4024 Dies
242 3969 281 4024 ist
299 3969 378 4023 nicht
395 3967 486 4022 blolse
497 3967 624 4022 Wieder-
679 3985 797 4036 magnae
806 3965 1099 4038 (vonweittragenden
1107 3965 1233 4034 bulgar),

64 4040 182 4109 holung.
218 4040 327 4096 Vorher
351 4056 409 4094 war
432 4057 485 4093 nur
509 4037 555 4093 ein
573 4038 625 4092 Zu-
679 4039 743 4093 weil
762 4054 793 4092 er
810 4057 863 4093 nur
881 4038 933 4093 mit
952 4035 1169 4092 Sbldncrheeren
1190 4035 1235 4089 ffir

64 4112 255 4167 sammenlanf
292 4111 453 4180 uberhaupt
489 4110 624 4164 erwahnt.
679 4108 923 4181 aagenblickliche
951 4107 1066 4162 Zwecke
1098 4106 1248 4180 kamptte,

63 4183 130 4238 Nun
153 4183 224 4238 wird
247 4182 443 4252 hinaugeiugt‚
469 4180 529 4236 dass
553 4181 625 4235 auch
680 4183 752 4236 ohne
773 4180 954 4235 Staatsmann
972 4197 1006 4233 au
1025 4178 1093 4232 sein.

64 4254 193 4309 Frennde
218 4253 267 4308 der
285 4252 420 4322 Ordnung
443 4254 500 4307 und
520 4249 626 4306 Feinde
718 4252 739 4320 ²)
758 4252 846 4307 Nicht
863 4255 941 4318 natu,
959 4249 1078 4304 sondern
1092 4249 1186 4304 aetate
1203 4266 1237 4301 au

60 4324 626 4466 jeqqpiqqraltthqtqprbeigleeiltaaran.
681 4329 831 4405 ergdnaen,
855 4339 889 4448 sq
910 4320 972 4445 {lale
998 4319 1058 4374 also
1083 4318 1237 4374 maioribus

211 4413 280 4467 angs
315 4414 332 4451 a
359 4413 429 4450 es1c
459 4411 567 4450 nurern
577 4412 626 4452 un·
681 4420 715 4439 =
735 4409 872 4466 superrorr
890 4411 934 4447 n.
