2812 4786
440 209 516 265 XIII.
544 208 763 266 TJMO'I'HEUS.
788 216 812 267 1.
832 215 857 266 2.
1191 211 1233 275 41

54 375 136 438 tum
159 373 282 437 intrare
311 372 624 459 gubernatoremque
652 374 743 439 iubet
770 395 808 439 eo
837 373 981 459 derigere
1008 396 1138 457 navem,
1165 375 1235 458 ipse

59 460 129 526 sibi
148 460 303 545 perniciei
326 462 401 526 fuit:
424 484 497 528 cum
521 463 607 527 enim
630 484 668 527 eo
687 466 898 546 penetrasset,
921 468 1047 527 ceterae
1070 484 1137 528 non
1160 467 1236 529 sunt

57 553 204 616 secutae.
254 548 324 626 Quo
351 549 439 616 facto
468 550 680 616 circumfusus
706 551 853 617 hostium
885 573 1042 617 concursu
1072 573 1145 617 cum
1172 551 1235 616 for-

58 638 193 704 tissime
211 642 378 724 pugnaret,
396 639 489 704 navis
507 646 614 705 rostro
634 661 787 724 percussa
805 641 911 724 coepit
929 641 1041 706 sidere.
1071 640 1144 723 Ipse
1163 661 1235 704 cum
1254 659 1270 707 3

60 731 179 812 posset
200 727 357 813 refugere,
380 727 410 793 si
432 749 466 793 se
489 729 523 792 in
545 751 635 793 marc
659 729 836 813 deiecisset,
859 730 945 813 quod
969 730 1105 813 suberat
1121 729 1235 794 classis

59 815 330 900 Atheniensium,
361 838 443 900 quse
470 817 632 901 exciperet
658 821 823 899 natantes,
855 819 962 902 perire
993 818 1109 883 maluit
1138 840 1236 903 quam

61 906 173 970 armis
190 905 325 971 abiectis
347 927 464 971 navem
487 907 679 991 relinquere,
702 929 766 992 qua
788 907 893 971 fuerat
915 912 1035 972 vectus.
1077 906 1115 970 ld
1138 907 1236 972 ceteri

61 1015 140 1059 cum
158 993 264 1060 facere
282 994 420 1075 nollent,
443 994 550 1060 nando
573 996 608 1059 in
628 999 735 1060 tutum
753 1000 981 1080 pervenerunt:
1005 996 1122 1078 atille,
1144 1018 1235 1080 prae·

59 1087 153 1148 stare
162 1082 333 1149 honestam
343 1086 482 1148 mortem
495 1083 684 1148 existimans
694 1085 782 1168 turpi
792 1087 887 1168 vitae,
897 1084 1077 1150 comminus
1086 1105 1235 1169 pugnans

54 1171 138 1238 telis
162 1172 306 1237 hostium
327 1172 518 1237 interfectus
541 1177 600 1237 est.

436 1530 536 1603 XIII.
577 1529 863 1606 TIMOTHEUS.

153 1667 178 1733 Ι.
199 1668 398 1754 Timotheus,
417 1668 559 1736 Cononis
578 1670 674 1754 filius,
688 1670 908 1756 Atheniensis,
928 1674 1052 1754 epatre
1072 1674 1236 1753 acceptam
1257 1688 1271 1735 1

56 1757 204 1845 glorium
231 1759 342 1824 multis
371 1759 461 1824 auxit
488 1759 677 1824 virtutibus:
708 1759 771 1823 fuit
799 1760 885 1824 enim
909 1760 1062 1841 disertuS,
1089 1758 1236 1843 impiger,

53 1846 111 1913 rei
138 1846 289 1912 militaris
317 1847 442 1932 peritus
469 1870 575 1934 neque
603 1849 710 1912 miuus
739 1848 880 1913 civitatis
912 1847 1081 1933 regendae.
1131 1847 1271 1915 Multas

53 1935 152 2002 illius
176 1939 252 2000 sunt
274 1937 440 2019 praeclare
458 1937 560 2020 facta,
584 1937 639 2001 sed
662 1936 743 2002 haec
765 1938 904 2002 maxime
927 1937 1075 2003 illustria.

153 2022 299 2089 Primum
322 2027 419 2091 classi
441 2026 623 2109 praefectus
649 2026 891 2091 circumvehens
915 2027 1075 2110 Pelopon·
1100 2027 1142 2106 [a.
1155 2026 1235 2108 375]

54 2134 177 2178 nesum
202 2111 385 2179 Laconicen
413 2116 590 2198 populatus
615 2121 664 2180 est
686 2116 886 2201 classemque
909 2115 1236 2181 Lacedaemoniorum

55 2201 196 2288 fugavit.
244 2199 417 2287 Corcyram
447 2205 507 2268 sub
539 2205 710 2288 imperium
738 2204 985 2270 Atheniensium
1018 2204 1157 2289 redegit,
1186 2227 1235 2269 so-

55 2292 193 2377 ciosque
216 2291 364 2358 adiunxit
386 2292 550 2377 Epirotas,
568 2292 781 2377 Athamanas,
804 2290 955 2359 Chaonas
980 2313 1157 2376 omnesque
1180 2314 1234 2357 eas

55 2383 187 2466 gentes,
210 2401 292 2464 quac
315 2402 405 2445 mare
428 2382 508 2446 illud
528 2381 684 2446 adiacent.
721 2380 791 2457 Quo
815 2383 903 2447 facto
921 2379 1172 2446 Lacedaemonii
1196 2381 1234 2444 de
1253 2399 1269 2446 3

58 2468 189 2534 diuhna
212 2471 418 2536 contentione
443 2467 671 2558 destiterunt¹)
695 2474 728 2534 et
751 2492 810 2535 sua
834 2474 950 2554 sponte
968 2468 1068 2533 Athe·
1095 2471 1136 2550 [a.
1155 2469 1233 2550 374]

56 2557 229 2623 niensibus
247 2558 376 2642 imperii
396 2560 551 2624 marttimi
570 2559 787 2643 principatum
806 2562 1041 2640 concesserunt,
1059 2579 1236 2641 pacemque

58 2647 116 2712 his
143 2646 272 2731 legibus
299 2648 551 2732 constituerunt,
578 2653 616 2712 ut
638 2648 855 2713 Athenienses
883 2648 966 2712 mari
994 2647 1090 2712 duces
1118 2651 1236 2712 essent.

62 2735 156 2812 Quae
173 2737 311 2802 victoria
333 2740 445 2802 tantae
468 2737 531 2801 fuit
549 2736 670 2802 Atticis
694 2737 848 2819 laetitiae,
870 2740 907 2801 ut
929 2741 1000 2800 tum
1018 2737 1159 2820 primu-m
1178 2758 1235 2800 ara
1308 2808 1309 2811 Ἴ

58 2824 141 2889 Paci
171 2825 300 2908 publice
328 2825 416 2891 facta
448 2825 498 2890 illi
528 2826 606 2891 deae
638 2827 789 2910 pulvinar
819 2827 863 2890 sit
895 2825 1091 2891 institutum.
1136 2822 1271 2890 Ouiusr

59 2912 170 2979 laudis
192 2917 230 2978 ut
248 2915 405 2980 memoria
428 2918 584 2999 maneret,
601 2915 772 2980 Timotheo
791 2915 921 3000 publice
945 2918 1088 2979 statuam
1110 2914 1145 2978 in
1163 2913 1235 2979 foro

59 3006 265 3090 posuerunt„
288 3002 351 3079 Qui
373 3003 478 3069 honos
501 3005 576 3069 huic
599 3005 656 3069 uni
679 3008 753 3069 ante
775 3004 808 3068 id
831 3000 992 3088 tempus²)
1017 3002 1166 3086 contigit,
1189 3008 1235 3079 ut,

62 3113 137 3157 cum
161 3093 247 3175 patri
269 3092 408 3176 populus
431 3094 596 3176 posuisset
619 3097 775 3177 statuam,
797 3094 865 3158 filio
890 3113 1017 3176 quoque
1041 3091 1140 3155 daret.
1182 3089 1235 3155 Sic

57 3182 150 3245 iuxta
180 3180 289 3265 posita
316 3202 427 3245 recens
454 3182 515 3246 filii
543 3186 653 3247 statua
676 3187 817 3246 veterem
845 3180 949 3263 patris
979 3177 1148 3243 renovavit
1171 3200 1235 3241 me·

58 3290 205 3334 moriam.

150 3355 193 3422 ΙΙ.
215 3357 334 3422 Postea
355 3359 452 3423 simul
475 3380 546 3423 cum
568 3357 723 3444 Agesilao
743 3356 966 3439 Ariobarzani,
989 3378 1078 3439 prae
1099 3357 1140 3436 [a.
1155 3356 1234 3437 366]
1255 3372 1269 3420 1

59 3446 145 3512 fecto
173 3445 350 3532 Phrygiae,
380 3447 501 3512 auxilio
529 3448 695 3532 profectus
724 3456 781 3511 est.
826 3445 943 3529 Aquo
974 3466 1047 3509 cum
1070 3444 1156 3510 Laco
1183 3468 1236 3529 pe-

60 3533 191 3638 cuniam
205 3541 409 3601 numeratam
429 3537 616 3621 accepisset,
634 3538 689 3602 ille
704 3537 792 3636 cives
805 3555 880 3598 suos
897 3555 976 3619 agro
991 3538 1088 3618 atque
1103 3535 1236 3599 urbibus

58 3623 1271 3797 ttfittttttumst¹tztt¹st⁰h0⁰ttttttt,tritius2

57 3801 199 3886 primum
230 3799 363 3867 Samum
393 3803 493 3886 cepit,
522 3804 557 3866 in
586 3825 649 3888 quo
678 3804 797 3888 oppido
827 3802 1045 3886 oppugnando
1075 3801 1236 3884 superiore

99 4029 120 4100 ¹)
138 4029 203 4084 Viel
225 4031 304 4085 hatte
323 4029 435 4085 frcilich
457 4048 491 4085 nu
517 4031 622 4086 diesem
676 4029 797 4101 Begriffe
818 4029 870 4082 wie
885 4027 973 4099 posce
991 4027 1040 4080 der
1054 4025 1167 4080 Genitiv
1181 4026 1237 4080 τῶν

60 4099 193 4156 Resultat
213 4102 263 4156 der
282 4101 396 4171 Secsicg
418 4104 468 4157 des
487 4101 622 4157 Chabrias
676 4099 927 4170 προγεγενημένων
943 4099 1009 4153 oder
1027 4099 1082 4151 τῶν
1097 4094 1151 4163 πρὸ
1172 4092 1237 4152 ἑαν-

61 4171 108 4227 boi
125 4170 222 4227 Naxus
241 4176 314 4243 (ste)
333 4173 523 4243 heigetragcn.
676 4173 736 4239 τοῦ,
755 4173 805 4226 der
823 4172 905 4238 daun,
925 4188 972 4224 um
990 4168 1072 4222 nicht
1089 4168 1237 4237 unlogisch

97 4243 191 4312 ¹)Eirr
222 4244 390 4299 Grtcismus.
437 4244 479 4298 Im
512 4243 622 4298 (triech.
677 4261 711 4296 zu
730 4242 871 4309 schemen,
890 4240 971 4296 nicht
989 4241 1031 4293 als
1049 4256 1112 4309 gen.
1132 4239 1238 4308 partit,
1274 4297 1275 4300 Ἴ

61 4315 139 4369 steht
157 4313 282 4369 ntmlich
296 4313 383 4369 dftcrs
401 4314 447 4368 bei
467 4315 557 4369 einem
572 4313 622 4368 Su·
677 4315 796 4369 sondcrn
811 4313 853 4367 als
868 4330 929 4382 gen.
945 4312 1017 4366 nach
1032 4308 1173 4380 Begriffsn
1190 4310 1239 4366 der

60 4384 184 4455 perlatis
192 4385 260 4440 oder
269 4383 361 4441 cinam
371 4384 622 4456 superlativischcn
678 4384 865 4456 Superiorittt
883 4381 1060 4438 aufnufassen
1077 4384 1124 4437 ist
