2812 4786
134 165 155 230 5
544 164 566 221 1.
593 163 795 221 amuranus.
822 170 846 220 r.
866 169 890 220 a.

134 329 382 482 pegistratuum
401 330 582 411 corruptus,
599 329 760 393 trecentas
778 329 903 392 statuas
917 326 1082 391 Demetrio
1097 324 1305 415 Phalere024)

157 418 284 483 ecrevit.

99 523 114 571 1
221 503 293 571 VII.
312 504 393 572 Post
405 505 467 571 hoc
483 504 643 589 proelium
657 506 793 570 classem
807 504 1015 589 septuaginta
1028 503 1159 569 navium
1175 504 1306 587 [a489]

134 593 350 661 Athenienses
370 595 474 659 eidem
488 593 630 659 Miltiadi
650 593 816 677 dederunt,
838 597 875 658 ut
893 593 1027 674 insulas,
1046 614 1127 677 quae
1145 593 1306 660 barbaros

134 682 332 768 adiuverunt,
356 683 443 748 bello
465 687 718 767 persequeretur.
760 681 831 759 Quo
853 682 889 746 in
912 682 1048 765 imperio
1068 683 1238 766 plerasque
1264 683 1306 748 ad

98 788 114 838 2
134 771 275 838 officium
293 772 398 837 redire
417 772 535 858 coligit,
553 773 725 837 nonnullas
739 772 771 836 vi
786 773 992 856 expugnavit.
1024 770 1144 837 Parum
1162 772 1306 836 insulam

133 861 248 944 opibus
272 861 393 926 elatam
416 883 489 927 cum
512 861 657 927 oratione
679 860 889 926 reconciliare
911 881 978 925 non
1000 864 1128 944 posset,
1150 861 1264 944 copias
1288 882 1306 924 e

132 950 270 1015 navibus
302 950 427 1034 eduxit,
455 951 567 1016 urbem
599 949 752 1034 operibus
786 949 904 1014 clausit
936 950 1088 1033 omnique
1120 953 1306 1014 commeatu

133 1038 282 1123 privavit,
306 1039 380 1104 dein
397 1039 501 1104 vineis
525 1060 562 1104 ac
584 1038 804 1103 testudinibus
825 1037 1012 1103 constitutis
1035 1037 1169 1122 propius
1192 1060 1305 1104 muros

97 1144 114 1192 3
134 1128 278 1195 accessit.
315 1126 397 1194 Cum
419 1128 486 1192 iam
508 1127 543 1192 in
566 1147 604 1192 eo
628 1122 771 1214 essetll),
793 1130 831 1191 ut
854 1126 974 1211 oppido
998 1128 1167 1211 potiretur,
1189 1128 1306 1210 procul

134 1216 234 1299 lucus,
258 1217 314 1300 qui
336 1238 376 1281 ex
397 1217 505 1281 insula
527 1215 800 1300 conspiciebatur,
822 1215 932 1280 nescio
957 1237 1020 1300 quo
1044 1237 1122 1280 casu
1144 1220 1305 1281 nocturno

132 1307 277 1389 tempore
300 1306 449 1371 incensus
472 1307 530 1370 eet
558 1303 656 1370 Cuius
675 1305 807 1370 flamma
830 1308 867 1369 ut
885 1304 927 1368 ab
951 1304 1120 1388 oppidanis
1145 1309 1178 1369 et
1202 1327 1307 1388 oppu-

133 1394 325 1476 gnatoribus
349 1397 399 1459 est
420 1394 503 1478 visa,
526 1394 672 1478 utrisque
695 1392 843 1458 venitin
865 1393 1050 1477 opinionem
1080 1394 1208 1478 signum
1233 1415 1306 1460 esse

96 1498 115 1547 4
134 1504 153 1546 a
175 1482 352 1546 classiariis
374 1483 474 1568 regiis
497 1482 618 1547 datum.
663 1480 733 1558 Quo
757 1481 880 1547 factum
904 1485 1013 1546 estut
1036 1485 1069 1546 et
1091 1482 1179 1546 Parii
1203 1504 1223 1547 a
1250 1482 1306 1548 de·

133 1569 255 1635 ditione
278 1570 517 1636 deterrerentur
540 1576 573 1636 et
595 1570 767 1655 Miltiades,
790 1571 909 1635 timens
931 1592 972 1635 ne
996 1571 1109 1636 classis
1132 1572 1224 1656 regia
1247 1571 1305 1636 ad-

132 1663 289 1744 ventaret,
305 1659 447 1727 incensis
462 1661 623 1745 operibus,
641 1682 723 1746 quae
743 1663 910 1744 statuerat,
925 1681 997 1725 cum
1015 1660 1150 1724 totidem
1164 1661 1304 1726 navibus

133 1753 229 1834 atque
258 1753 328 1816 erat
353 1751 516 1835 profectus
544 1750 693 1815 Athones
726 1769 845 1834 magua
877 1771 950 1814 cum
978 1748 1153 1813 offensione
1183 1749 1305 1815 civium

96 1854 263 1903 osuorum
285 1838 414 1904 rediret.
459 1840 639 1905 Accusatus
663 1841 714 1903 est
736 1837 940 1921 proditionis,
964 1836 1063 1922 quod,
1087 1859 1159 1902 cum
1183 1837 1304 1903 Parum

133 1947 318 2010 expugnare
340 1930 461 2012 posset,
485 1948 601 2012 aroge
625 1931 797 2010 corruptus
820 1924 948 1992 infectis
971 1926 1068 1990 rebus
1092 1926 1305 1992 discessisset.

131 2013 182 2080 uo
205 2018 350 2097 tempore
371 2036 467 2100 aeger
486 2019 556 2081 erat
574 2014 769 2100 vulneribus,
789 2017 924 2100 quaein
944 2014 1162 2100 oppugnando
1182 2016 1303 2102 oppido

133 2106 309 2186 acceperat.
353 2103 468 2189 Itaque
496 2105 649 2188 quoniam
676 2104 829 2187 ipsepro
854 2104 1016 2170 aedicere
1043 2125 1110 2169 non
1133 2101 1303 2191 posset²⁶)‚

98 2208 114 2256 6
132 2192 231 2258 verba
252 2192 330 2258 fecit
352 2192 454 2258 frater
472 2193 540 2258 eius
559 2189 792 2279 uisagorasffl).
823 2189 930 2258 Causa
949 2193 1082 2277 cognita
1105 2193 1221 2276 capitis
1245 2193 1303 2257 ab·

132 2278 314 2368 solutus28),
331 2282 468 2365 pecunia
486 2282 643 2347 multatus
658 2285 716 2367 est,
735 2303 836 2366 eaque
855 2283 897 2346 lis
911 2282 1151 2367 quinquaginta
1168 2282 1301 2348 talentis

132 2372 304 2436 aestimata
327 2375 389 2456 est,
412 2374 551 2456 quantus
573 2371 608 2436 in
631 2371 767 2436 classem
791 2375 948 2454 sumptus,
967 2369 1073 2436 factus
1097 2374 1174 2435 erat.
1219 2369 1302 2436 Tan·

130 2464 199 2525 tam
231 2463 401 2545 pecuniam
429 2461 513 2547 quod
542 2461 666 2526 solvere
694 2460 744 2525 die
775 2461 970 2544 praestituta
996 2482 1062 2525 non
1091 2463 1234 2544 poterat,
1268 2461 1303 2525 in

131 2549 260 2613 vincula
282 2550 412 2632 publica
435 2551 598 2616 coniectus
621 2553 670 2615 est
692 2550 803 2634 ibique
826 2549 912 2614 diem
933 2549 1015 2615 obiit
1039 2545 1301 2636 supremum29).·

98 2651 112 2700 1
221 2635 311 2702 VIIL
334 2637 456 2702 Verum
479 2639 542 2703 etsi
565 2639 698 2705 crimine
715 2637 812 2704 Pario
832 2643 882 2703 est
901 2642 1080 2721 accusatus,
1104 2641 1215 2702 tamen
1237 2639 1303 2704 alia

131 2747 229 2790 causa
246 2725 310 2790 fuit
328 2724 554 2791 damnationis.
583 2726 732 2810 Namque
752 2727 968 2792 Athenienses
986 2731 1119 2811 propter
1137 2727 1303 2792 Pisistrati

131 2814 350 2898 tyrannidem,
373 2836 455 2899 quae
478 2816 588 2898 paucis
613 2817 705 2879 annis
729 2819 802 2880 ante
825 2813 990 2903 fueratw),
1017 2815 1152 2880 nimiam
1183 2816 1303 2881 civium

97 2919 263 2968 asuorum
290 2903 470 2987 potentiam
492 2903 762 2969 extimescebant.
808 2904 857 2969 Ac
884 2903 1063 2988 Miltiades,
1095 2905 1236 2969 multum
1268 2906 1303 2969 in

130 2992 276 3076 imperiis
304 2993 614 3077 magistratibusque
638 2997 799 3077 versatus,
820 3015 886 3058 non
910 2994 1079 3059 videbatur
1105 3015 1202 3079 posse
1230 3015 1301 3059 esse

132 3082 287 3165 privatus,
309 3082 501 3166 praesertim
524 3103 597 3147 cum
621 3080 850 3147 consuetudine
873 3082 913 3147 ad
937 3081 1065 3166 imperii
1089 3082 1301 3166 cupiditatem

94 3188 111 3236 a
130 3171 217 3235 trahi
235 3171 405 3237 videretur.
434 3169 520 3237 Nam
540 3167 781 3257 Chersonesill)
806 3193 915 3236 omnes
937 3171 1013 3236 illos
1033 3193 1114 3256 quos
1133 3172 1302 3237 habitarat

131 3281 232 3325 annos
255 3264 444 3344 perpetuam
468 3262 654 3328 obtinuerat
676 3260 930 3325 dominationem
953 3264 1173 3345 tyrannusque
1193 3259 1300 3324 fuerat

131 3348 324 3432 appellatus.
370 3349 488 3416 Omnes
522 3355 630 3416 autem
659 3353 691 3413 et
724 3349 874 3414 dicuntur
903 3354 935 3414 et
967 3348 1128 3413 habentur
1158 3350 1302 3434 tyranni,

131 3437 186 3520 qui
209 3440 372 3520 potestate
392 3443 467 3503 sunt
484 3443 641 3523 perpetua
659 3439 693 3503 in
712 3461 750 3504 ea
769 3439 910 3522 civitate,
929 3459 1011 3523 quae
1031 3437 1182 3503 libertate
1202 3442 1300 3503 autea

168 3625 204 3696 ¹⁴)
222 3626 303 3683 Anna
322 3645 356 3682 au
373 3628 457 3685 Phoc.
475 3628 524 3698 III,
543 3635 568 3684 3.
742 3630 811 3684 darn
842 3627 882 3682 im
913 3628 1040 3685 koordin.
1073 3629 1231 3699 Gegensatz
1265 3645 1303 3684 an

169 3697 204 3767 ¹⁶)
221 3699 288 3754 Esse
311 3698 341 3754 in
364 3699 456 3755 dieser
472 3699 629 3754 Redensart
651 3702 689 3756 ist
742 3700 886 3754 multatus.

131 3769 232 3825 immor
249 3770 455 3839 unpersbnlich.
778 3769 812 3838 ¹⁹)
831 3771 869 3825 Er
888 3771 965 3826 starb
983 3770 1062 3825 nicht
1079 3771 1120 3826 im
1137 3769 1301 3841 Gelangnis,

169 3839 203 3910 ¹⁶)
222 3839 305 3911 Konj.
317 3841 366 3896 der
379 3844 449 3897 orat.
460 3841 517 3898 obl.
532 3841 629 3898 Worte
639 3841 688 3896 des
742 3843 861 3898 sondern
884 3843 979 3898 wurde
1001 3841 1137 3911 lediglich
1164 3861 1199 3897 au
1223 3843 1302 3898 einer

131 3911 290 3982 Tisagoras.
742 3913 901 3970 Geldstrafe
915 3911 1070 3982 verurteilt,
1085 3914 1143 3968 und
1156 3913 1236 3984 erlag
1250 3914 1302 3968 der

168 3983 204 4054 ”l
222 3983 320 4039 Dieser
334 3984 432 4039 aweite
445 3984 552 4039 Bruder
566 3984 614 4038 des
622 3983 688 4038 Mil·
741 3985 865 4052 Wunde‚
898 3985 943 4039 die
976 4001 1006 4038 er
1037 4002 1088 4040 vor
1118 3984 1205 4041 Paros
1242 4002 1301 4040 ern-

130 4054 223 4109 tiades
232 4055 303 4110 wird
317 4058 394 4111 sonst
407 4055 540 4126 nirgende
551 4056 686 4111 erwthnt.
740 4057 864 4126 pfangeu
882 4056 970 4111 hatte.

129 4125 186 4180 Der
204 4126 292 4183 altere
305 4127 412 4182 Bruder
427 4127 589 4196 Stesagoras
607 4127 687 4183 hatte
778 4127 813 4198 ⁸⁰)
831 4125 911 4181 Stura
931 4126 981 4181 der
998 4143 1053 4182 von
1067 4125 1231 4182 Pisistratus
1250 4143 1302 4197 ge·

130 4214 180 4252 vor
202 4196 275 4255 Milt.
304 4197 349 4254 die
374 4197 539 4253 Herrsohaft
562 4197 612 4253 auf
639 4199 688 4253 der
740 4198 896 4269 grundeten
914 4196 1050 4266 'lyrannis
1070 4205 1130 4253 510.

131 4265 292 4325 chersones.
778 4269 813 4352 ⁸¹)
841 4268 936 4325 Chers.
960 4271 1061 4340 gehdrt
1088 4271 1161 4324 auch
1188 4268 1242 4324 mit
1264 4289 1302 4326 au

167 4337 201 4407 ²⁸)
219 4340 313 4398 Absol
323 4341 403 4396 nicht
417 4340 614 4411 subordiniert,
625 4356 686 4396 son·
740 4341 892 4396 habitarat.
