2812 4786
146 180 191 244 90
586 178 748 236 ATTIOUS.
774 184 879 235 10.11.

148 366 243 409 nemo
258 366 324 408 non
339 364 458 427 magno
473 339 662 428 periculo²⁹)
679 341 822 407 Atticum
838 341 980 406 futurum
994 337 1172 427 putaratw)
1187 345 1324 426 propter

111 433 299 498 aintimam
322 431 580 507 familiaritatem
603 428 766 496 Ciceronis
790 433 823 494 et
846 429 949 495 Bruti.
994 428 1108 513 Itaque
1137 429 1178 494 ad
1202 430 1322 495 adven·

148 524 218 586 tum
238 517 526 606 imperatorum⁸¹),
546 519 665 584 timens
684 519 963 603 proscriptionem,
982 518 1020 582 de
1038 517 1109 583 foro
1129 517 1323 605 decesserat,

146 611 333 693 latebatque
351 608 438 691 apud
456 608 490 672 P.
505 605 731 690 Volumnium,
750 608 814 690 cui,
836 612 874 672 ut
892 606 1106 689 ostendimus,
1125 607 1226 689 paulo
1247 612 1321 674 ante

147 720 240 783 opem
263 698 383 762 tulerat
407 694 513 783 (tanta
535 697 677 761 varietas
701 696 767 760 illis
790 695 993 779 temporibus
1014 694 1079 760 fuit
1099 695 1263 782 fortunae,
1285 701 1322 761 ut

146 786 241 851 modo
263 786 309 868 hi,
331 786 427 850 modo
446 785 494 849 illi
512 785 548 849 in
566 806 691 850 summo
711 788 818 849 essent
838 787 895 848 aut
918 784 1051 868 fastigio
1074 787 1132 849 aut
1151 784 1322 870 periculo),

145 875 349 959 habebatque
369 895 476 939 seeum
496 872 532 948 Q.
548 872 687 938 Gellium
707 871 842 955 Cenum,
866 873 1033 957 aequalem
1053 871 1321 960 slmillimumque

110 964 205 1027 esui.
249 962 336 1028 Nam
363 963 426 1028 hoc
454 984 581 1048 quoque
610 966 660 1027 est
686 960 789 1026 Attici
818 962 974 1026 bonitatis
1003 962 1206 1046 exemplum,
1234 963 1320 1048 quod

146 1073 220 1116 cum
243 1074 289 1132 co,
314 1073 408 1135 quem
427 1073 562 1135 puerum
584 1052 620 1114 in
639 1051 715 1116 ludo
739 1054 905 1136 cognorat,
929 1050 1009 1115 adeo
1035 1052 1205 1116 coniuncte
1228 1053 1320 1136 vixit,

109 1143 183 1205 4ut
209 1141 251 1204 ad
278 1145 454 1206 extremam
482 1143 620 1204 aetatem
649 1140 794 1204 amicitie
826 1160 937 1204 eorum
965 1139 1109 1205 creverit.
1155 1139 1320 1205 Antonius

147 1232 270 1313 autem,
298 1229 361 1294 etsi
389 1232 482 1293 tanto
511 1228 584 1293 odio
612 1228 778 1292 ferebatur
805 1229 839 1292 in
867 1227 1067 1308 Ciceronem,
1098 1231 1136 1292 ut
1166 1229 1320 1293 omnibus

146 1319 245 1383 etiem
274 1319 342 1382 eius
370 1315 483 1382 amicis
507 1320 593 1381 esset
615 1316 779 1400 inimicus,
808 1338 863 1381 eos
887 1319 924 1381 ut
946 1313 1093 1402 vellet⁸²)
1116 1318 1320 1400 proscribere

145 1407 257 1471 multis
280 1405 496 1483 hortantibus,
519 1407 631 1469 tamen
648 1403 752 1469 Attici
776 1426 899 1470 memor
916 1404 978 1469 luit
1002 1404 1102 1468 officii
1125 1407 1157 1469 et
1180 1404 1219 1488 ei,
1243 1427 1319 1470 cum

145 1495 342 1578 requisisset,
360 1494 493 1558 ubinam
513 1497 609 1577 esset,
628 1515 686 1558 sue
706 1515 806 1558 manu
825 1493 966 1577 scripsit,
983 1515 1024 1556 ne
1042 1493 1171 1558 timeret
1190 1495 1317 1559 statim-

145 1604 207 1667 que
236 1584 274 1646 ad
305 1604 339 1647 se
367 1583 506 1647 veniret:
539 1604 573 1646 se
602 1585 635 1646 et
665 1582 757 1647 illum
788 1586 821 1647 et
850 1580 992 1647 Gellium
1021 1580 1146 1647 Canum
1179 1581 1219 1646 de
1246 1603 1320 1665 pro-

146 1670 341 1754 scriptorum
364 1693 498 1736 numero
518 1671 684 1736 exemisse.
718 1671 767 1736 Ac
786 1693 826 1734 ne
849 1671 935 1754 quod
953 1671 1133 1755 periculum
1154 1670 1319 1756 incideret,

111 1761 231 1843 squod
254 1766 352 1826 noctu
375 1760 456 1824 haec
476 1760 681 1844 gerebantur,
703 1759 900 1843 praesidium
925 1761 955 1823 ei
978 1759 1076 1823 misit.
1118 1756 1172 1823 Sic
1186 1759 1318 1825 Atticus

144 1848 179 1912 in
204 1871 330 1914 summo
353 1851 470 1914 timore
494 1871 561 1913 non
584 1850 690 1914 solum
713 1847 786 1933 sibi,
808 1847 864 1911 sed
888 1848 986 1912 etiam
1010 1847 1049 1924 ei,
1072 1869 1168 1931 quem
1192 1849 1320 1914 carissi-

109 1952 125 1999 c
147 1959 234 2000 mum
252 1937 403 2019 habebat,
423 1936 583 2020 praesidio
602 1937 674 2002 fuit.
711 1935 832 2012 Quodsi
851 1936 880 2000 is
899 1935 1074 2019 praecipua
1093 1936 1187 2001 laude
1207 1938 1316 2019 fertur,

146 2025 201 2107 qui
229 2046 342 2088 navem
371 2047 408 2088 ex
430 2025 537 2089 hieme
567 2025 713 2108 marique
741 2025 911 2107 scopuloso
940 2021 1137 2112 servarit⁸³),
1165 2047 1222 2090 cur
1250 2049 1316 2091 non

146 2112 320 2197 singularis
343 2113 410 2177 eius
434 2113 638 2176 existimetur
656 2112 835 2196 prudentia,
856 2113 911 2196 qui
929 2134 968 2177 ex
986 2116 1038 2177 tot
1055 2118 1189 2197 tamque
1209 2117 1318 2200 gravi·

144 2201 205 2265 bus
229 2200 380 2285 procellis
404 2200 555 2265 civilibus
579 2201 619 2265 ad
643 2201 901 2265 incolumitatem
924 2201 1130 2286 pervenerit?

112 2305 126 2351 1
234 2289 290 2354 XI.
314 2290 438 2366 Quibus
456 2311 495 2353 ex
514 2290 607 2355 malis
627 2293 664 2354 ut
677 2291 748 2374 ipse
766 2289 906 2373 emersit,
924 2290 1006 2354 nihil
1025 2290 1112 2354 aliud
1133 2291 1200 2374 egit
1216 2312 1316 2375 quem

144 2384 302 2463 utquam
331 2379 493 2463 plurimis,
524 2379 639 2463 quibus
667 2380 765 2443 rebus
793 2383 917 2463 posset,
946 2384 1032 2443 esset
1059 2379 1189 2444 auxilio.
1233 2377 1315 2445 Cum

144 2469 342 2553 proscriptos
362 2468 516 2552 praemiis
534 2470 766 2551 imperatorum
785 2466 951 2532 inductum
967 2468 1085 2552 vulgus
1105 2468 1317 2552 conquireret,

143 2578 239 2621 nemo
261 2557 296 2620 in
319 2553 502 2642 Epirumb)
530 2557 632 2638 venit,
660 2557 712 2620 cui
739 2577 790 2620 res
819 2556 887 2620 ulla
910 2555 1060 2620 defuerit:
1094 2557 1171 2640 quin
1193 2559 1316 2622 nemini

109 2660 209 2708 anon
233 2645 280 2709 ibi
302 2649 458 2728 perpetuo
482 2645 633 2708 manendi
655 2649 801 2727 potestas
820 2645 908 2709 facta
932 2649 996 2709 est:
1019 2651 1096 2730 quin
1119 2647 1217 2710 etiam
1241 2652 1317 2730 post

144 2733 303 2817 proelium
324 2733 532 2816 Philippense
554 2734 784 2819 interItumque
804 2731 838 2798 O.
855 2731 959 2798 Cassii
979 2738 1011 2797 et
1031 2733 1072 2798 M.
1088 2733 1184 2797 Bruti
1204 2735 1246 2813 [a
1256 2736 1312 2816 42]

144 2819 180 2884 L.
203 2819 321 2885 Iulium
345 2820 508 2885 Mocillam
531 2822 729 2904 praetorium
758 2822 914 2899 etlilium
938 2823 1005 2887 eius
1029 2822 1215 2906 Aulumque
1239 2823 1317 2889 Tor-

145 2915 280 2991 quatum
304 2913 491 2992 ceterosque
509 2909 581 2993 pari
602 2908 733 2973 fortuna
752 2910 920 2992 perculsos
943 2910 1087 2975 instituit
1109 2911 1194 2974 tueri
1218 2920 1316 2997 etque

109 3012 125 3061 3
145 3019 184 3060 ex
206 2995 310 3081 Epiro
333 2996 373 3061 iis
397 2996 506 3060 omnia
530 2993 788 3061 Samothraciam
812 2999 999 3083 supportari
1022 2998 1126 3064 iussit.
1170 2999 1316 3065 Difficile

143 3090 193 3150 est
215 3086 324 3152 omnia
351 3085 500 3171 persequi
528 3090 561 3150 et
583 3107 647 3149 non
675 3086 903 3152 necessarium.
948 3086 1058 3152 Unum
1080 3087 1142 3152 hoc
1168 3086 1317 3173 intellegi

144 3177 301 3258 volumus,
320 3175 409 3240 illius
427 3174 660 3240 liberalitatem
677 3196 780 3258 neque
799 3177 1030 3260 temporariam
1044 3197 1147 3261 neque
1162 3176 1316 3241 callidam

106 3263 251 3330 eluisse.
292 3264 392 3328 Idex
415 3264 495 3347 ipsis
520 3265 616 3328 rebus
639 3284 676 3327 ac
698 3264 900 3346 temporibus
924 3265 1061 3329 iudicari
1082 3269 1206 3350 potest,
1229 3265 1315 3350 quod

143 3375 207 3418 non
235 3353 425 3418 florentibus
454 3375 488 3418 se
516 3352 707 3434 venditavit,
738 3353 794 3416 sed
822 3352 958 3417 adflictis
990 3375 1116 3437 semper
1143 3356 1317 3419 succurrit:

145 3441 199 3522 qui
225 3442 353 3525 quidem
372 3439 552 3525 Serviliam,
571 3440 665 3505 Bruti
689 3444 835 3523 matrem,
857 3463 924 3506 non
946 3442 1053 3506 minus
1076 3445 1153 3524 post
1176 3446 1316 3508 mortem

97 3544 122 3592 a
144 3528 201 3592 filii
224 3551 320 3612 quam
343 3529 512 3594 florentem
541 3530 685 3594 coluerit.
730 3528 853 3593 Eadem
883 3531 1080 3594 liberalitate
1109 3552 1185 3596 usus
1209 3531 1317 3596 nullas

142 3617 332 3680 inimicitias
356 3616 472 3700 gessit,
501 3617 586 3702 quod
614 3639 717 3703 neque
746 3617 898 3682 laedebat
920 3640 1116 3703 quemquam
1141 3640 1262 3704 neque,
1290 3619 1318 3683 si

144 3727 241 3790 quem
261 3705 412 3769 iniuriam
431 3709 607 3790 acceperat,
626 3705 768 3770 malebat
786 3706 898 3770 ulcisci
916 3730 1014 3791 quarn
1034 3707 1191 3772 oblivisci.
1225 3706 1317 3772 Idem

178 3915 202 3948 aa
793 3914 804 3946 a
912 3916 918 3928 ·
1221 3918 1228 3929 ·
1288 3916 1294 3928 ·

181 3912 540 4054 ³⁰lirbmhdbts1dlibhv'die
567 3984 701 4054 bedingte
755 3915 827 4040 Und)
838 3915 1316 4056 aldoidtlbbbhdddcflhbgrenbbindidi,

142 4057 225 4113 Form
244 4058 342 4123 „hatte
360 4057 522 4126 geglaubt“.
756 4057 806 4126 qui
824 4056 903 4111 nicht
917 4059 1015 4128 strong
1032 4076 1086 4112 nur
1103 4074 1140 4112 an
1154 4057 1266 4114 Atticus
1282 4077 1317 4113 zu

179 4129 214 4199 ⁸¹)
242 4128 298 4182 Der
333 4128 491 4183 Triumvirn
522 4124 701 4195 Octavianus,
756 4128 875 4196 denhem
890 4127 1010 4184 sondern
1025 4145 1062 4182 an
1076 4129 1158 4183 einen
1168 4129 1253 4186 Manu
1266 4130 1319 4185 wie

143 4199 279 4254 Antonius
298 4198 357 4252 und
373 4199 503 4269 Lepidus.
756 4198 877 4266 Atticus,
897 4199 947 4254 der
965 4219 992 4254 u.
1007 4217 1028 4256 s.
1043 4218 1077 4254 w.

180 4270 212 4336 ⁸²)
232 4270 268 4325 So
282 4268 339 4324 viel
352 4271 394 4324 als
409 4269 488 4338 „sich
502 4268 702 4335 entschlbsse“,

143 4341 203 4395 also
222 4341 275 4394 mit
293 4341 434 4395 starkerer
452 4343 607 4409 Betonung.
795 4339 828 4408 ³⁴)
848 4339 929 4395 Anm.
948 4358 982 4393 zu
1001 4341 1075 4411 VIII,
1095 4347 1119 4398 6.
