<?xml version="1.0" encoding="UTF-8"?>
<!DOCTYPE html PUBLIC "-//W3C//DTD XHTML 1.0 Transitional//EN"
    "http://www.w3.org/TR/xhtml1/DTD/xhtml1-transitional.dtd">
<html xmlns="http://www.w3.org/1999/xhtml" xml:lang="en" lang="en">
 <head>
  <title>
</title>
<meta http-equiv="Content-Type" content="text/html;charset=utf-8" />
  <meta name='ocr-system' content='tesseract 3.04.00' />
  <meta name='ocr-capabilities' content='ocr_page ocr_carea ocr_par ocr_line ocrx_word'/>
</head>
<body>
  <div class='ocr_page' id='page_1' title='image "./corneliinepotis04nepogoog_0084.png"; bbox 0 0 2812 4786; ppageno 0'>
   <div class='ocr_carea' id='block_1_1' title="bbox 511 181 1256 263">
    <p class='ocr_par' dir='ltr' id='par_1_1' title="bbox 511 181 1256 263">
     <span class='ocr_line' id='line_1_1' title="bbox 511 181 1256 263; baseline 0.016 -27"><span class='ocrx_word' id='word_1_1' title='bbox 511 182 583 237; x_wconf 81' lang='lat' dir='ltr'>xix.</span> <span class='ocrx_word' id='word_1_2' title='bbox 612 181 783 238; x_wconf 75' lang='lat' dir='ltr'>cucuron.</span> <span class='ocrx_word' id='word_1_3' title='bbox 807 189 832 263; x_wconf 77' lang='lat' dir='ltr'>a.</span> <span class='ocrx_word' id='word_1_4' title='bbox 1216 183 1256 248; x_wconf 76' lang='lat'>71</span> 
     </span>
    </p>
   </div>
   <div class='ocr_carea' id='block_1_2' title="bbox 78 342 1347 961">
    <p class='ocr_par' dir='ltr' id='par_1_2' title="bbox 78 342 1347 786">
     <span class='ocr_line' id='line_1_2' title="bbox 78 342 1321 432; baseline 0.001 -21"><span class='ocrx_word' id='word_1_5' title='bbox 78 368 152 411; x_wconf 85' lang='lat' dir='ltr'>esse</span> <span class='ocrx_word' id='word_1_6' title='bbox 180 347 300 429; x_wconf 90' lang='lat' dir='ltr'>posset.</span> <span class='ocrx_word' id='word_1_7' title='bbox 346 342 405 409; x_wconf 90' lang='lat' dir='ltr'>Cui</span> <span class='ocrx_word' id='word_1_8' title='bbox 434 366 506 409; x_wconf 90' lang='lat' dir='ltr'>cum</span> <span class='ocrx_word' id='word_1_9' title='bbox 530 366 549 408; x_wconf 91' lang='lat' dir='ltr'>a</span> <span class='ocrx_word' id='word_1_10' title='bbox 572 365 648 428; x_wconf 86' lang='lat' dir='ltr'>rege</span> <span class='ocrx_word' id='word_1_11' title='bbox 672 343 857 430; x_wconf 83' lang='lat' dir='ltr'>Philippo¹)</span> <span class='ocrx_word' id='word_1_12' title='bbox 885 346 1011 411; x_wconf 93' lang='lat' dir='ltr'>muneri</span> <span class='ocrx_word' id='word_1_13' title='bbox 1039 367 1176 432; x_wconf 80' lang='lat' dir='ltr'>magnae</span> <span class='ocrx_word' id='word_1_14' title='bbox 1199 365 1291 432; x_wconf 84' lang='lat' dir='ltr'>pe-3</span> <span class='ocrx_word' id='word_1_15' title='bbox 1320 398 1321 402; x_wconf 65' lang='lat'>,</span> 
     </span>
     <span class='ocr_line' id='line_1_3' title="bbox 80 433 1315 521; baseline -0.001 -21"><span class='ocrx_word' id='word_1_16' title='bbox 80 436 194 501; x_wconf 90' lang='lat' dir='ltr'>cuniae</span> <span class='ocrx_word' id='word_1_17' title='bbox 217 433 436 516; x_wconf 89' lang='lat' dir='ltr'>mitterentur,</span> <span class='ocrx_word' id='word_1_18' title='bbox 463 433 672 497; x_wconf 68' lang='lat' dir='ltr'><strong>hortantibus</strong></span> <span class='ocrx_word' id='word_1_19' title='bbox 701 433 820 519; x_wconf 82' lang='lat' dir='ltr'>legatis</span> <span class='ocrx_word' id='word_1_20' title='bbox 844 438 881 499; x_wconf 87' lang='lat' dir='ltr'>ut</span> <span class='ocrx_word' id='word_1_21' title='bbox 905 434 1066 519; x_wconf 86' lang='lat' dir='ltr'>acciperet</span> <span class='ocrx_word' id='word_1_22' title='bbox 1093 436 1254 521; x_wconf 90' lang='lat' dir='ltr'>simulque</span> <span class='ocrx_word' id='word_1_23' title='bbox 1312 485 1315 491; x_wconf 16' lang='grc' dir='ltr'><strong><em>Δ</em></strong></span> 
     </span>
     <span class='ocr_line' id='line_1_4' title="bbox 80 521 1254 605; baseline 0 -17"><span class='ocrx_word' id='word_1_24' title='bbox 80 521 344 604; x_wconf 89' lang='lat' dir='ltr'>admonentibus,</span> <span class='ocrx_word' id='word_1_25' title='bbox 372 521 400 586; x_wconf 93' lang='lat' dir='ltr'>si</span> <span class='ocrx_word' id='word_1_26' title='bbox 427 523 496 605; x_wconf 87' lang='lat' dir='ltr'>ipse</span> <span class='ocrx_word' id='word_1_27' title='bbox 524 521 592 586; x_wconf 90' lang='lat' dir='ltr'>illis</span> <span class='ocrx_word' id='word_1_28' title='bbox 620 521 717 586; x_wconf 86' lang='lat' dir='ltr'>facile</span> <span class='ocrx_word' id='word_1_29' title='bbox 745 527 882 604; x_wconf 77' lang='lat' dir='ltr'>careret,</span> <span class='ocrx_word' id='word_1_30' title='bbox 909 523 1020 587; x_wconf 89' lang='lat' dir='ltr'>liberis</span> <span class='ocrx_word' id='word_1_31' title='bbox 1048 527 1158 588; x_wconf 90' lang='lat' dir='ltr'>tamen</span> <span class='ocrx_word' id='word_1_32' title='bbox 1186 525 1254 589; x_wconf 88' lang='lat' dir='ltr'>suis</span> 
     </span>
     <span class='ocr_line' id='line_1_5' title="bbox 79 609 1347 696; baseline 0 -19"><span class='ocrx_word' id='word_1_33' title='bbox 79 612 292 696; x_wconf 76' lang='lat' dir='ltr'><strong>prospiceret,</strong></span> <span class='ocrx_word' id='word_1_34' title='bbox 315 610 431 694; x_wconf 90' lang='lat' dir='ltr'>quibus</span> <span class='ocrx_word' id='word_1_35' title='bbox 450 609 581 675; x_wconf 84' lang='lat' dir='ltr'>difficile</span> <span class='ocrx_word' id='word_1_36' title='bbox 604 614 690 674; x_wconf 88' lang='lat' dir='ltr'>esset</span> <span class='ocrx_word' id='word_1_37' title='bbox 707 613 743 675; x_wconf 91' lang='lat' dir='ltr'>in</span> <span class='ocrx_word' id='word_1_38' title='bbox 766 632 893 676; x_wconf 89' lang='lat' dir='ltr'>summa</span> <span class='ocrx_word' id='word_1_39' title='bbox 910 615 1103 695; x_wconf 91' lang='lat' dir='ltr'>paupertate</span> <span class='ocrx_word' id='word_1_40' title='bbox 1127 616 1254 677; x_wconf 89' lang='lat' dir='ltr'>tantam</span> <span class='ocrx_word' id='word_1_41' title='bbox 1344 687 1347 693; x_wconf 25' lang='lat'><strong><em>¹</em></strong></span> 
     </span>
     <span class='ocr_line' id='line_1_6' title="bbox 80 698 1292 786; baseline 0 -21"><span class='ocrx_word' id='word_1_42' title='bbox 80 704 253 785; x_wconf 87' lang='lat' dir='ltr'>paternam</span> <span class='ocrx_word' id='word_1_43' title='bbox 280 698 366 763; x_wconf 91' lang='lat' dir='ltr'>tueri</span> <span class='ocrx_word' id='word_1_44' title='bbox 389 699 541 783; x_wconf 82' lang='lat' dir='ltr'><strong>gloriam,</strong></span> <span class='ocrx_word' id='word_1_45' title='bbox 569 698 624 762; x_wconf 90' lang='lat' dir='ltr'>ille</span> <span class='ocrx_word' id='word_1_46' title='bbox 648 698 688 763; x_wconf 76' lang='lat' dir='ltr'>‘si</span> <span class='ocrx_word' id='word_1_47' title='bbox 712 699 776 763; x_wconf 92' lang='lat' dir='ltr'>mei</span> <span class='ocrx_word' id='word_1_48' title='bbox 799 701 920 764; x_wconf 83' lang='lat' dir='ltr'>similes</span> <span class='ocrx_word' id='word_1_49' title='bbox 944 704 1054 786; x_wconf 91' lang='lat' dir='ltr'>erunt,</span> <span class='ocrx_word' id='word_1_50' title='bbox 1077 701 1163 765; x_wconf 91' lang='lat' dir='ltr'>idem</span> <span class='ocrx_word' id='word_1_51' title='bbox 1187 699 1254 765; x_wconf 92' lang='lat' dir='ltr'>hic’</span> <span class='ocrx_word' id='word_1_52' title='bbox 1274 717 1292 765; x_wconf 86' lang='lat'>4</span> 
     </span>
    </p>

    <p class='ocr_par' dir='ltr' id='par_1_3' title="bbox 80 787 1257 961">
     <span class='ocr_line' id='line_1_7' title="bbox 80 787 1254 875; baseline -0.002 -20"><span class='ocrx_word' id='word_1_53' title='bbox 80 788 189 875; x_wconf 90' lang='lat' dir='ltr'>inquit</span> <span class='ocrx_word' id='word_1_54' title='bbox 212 787 349 872; x_wconf 76' lang='lat' dir='ltr'>‘agellus</span> <span class='ocrx_word' id='word_1_55' title='bbox 368 787 444 852; x_wconf 92' lang='lat' dir='ltr'>illos</span> <span class='ocrx_word' id='word_1_56' title='bbox 468 787 544 871; x_wconf 90' lang='lat' dir='ltr'>alet,</span> <span class='ocrx_word' id='word_1_57' title='bbox 563 787 619 872; x_wconf 90' lang='lat' dir='ltr'>qui</span> <span class='ocrx_word' id='word_1_58' title='bbox 642 809 694 851; x_wconf 90' lang='lat' dir='ltr'>me</span> <span class='ocrx_word' id='word_1_59' title='bbox 714 788 755 851; x_wconf 89' lang='lat' dir='ltr'>ad</span> <span class='ocrx_word' id='word_1_60' title='bbox 774 787 858 853; x_wconf 89' lang='lat' dir='ltr'>hanc</span> <span class='ocrx_word' id='word_1_61' title='bbox 876 787 1070 871; x_wconf 85' lang='lat' dir='ltr'>dignitatem</span> <span class='ocrx_word' id='word_1_62' title='bbox 1089 788 1254 873; x_wconf 86' lang='lat' dir='ltr'>perduxit:</span> 
     </span>
     <span class='ocr_line' id='line_1_8' title="bbox 82 875 1257 961; baseline 0 -19"><span class='ocrx_word' id='word_1_63' title='bbox 82 880 134 942; x_wconf 91' lang='lat' dir='ltr'>sin</span> <span class='ocrx_word' id='word_1_64' title='bbox 167 876 341 941; x_wconf 84' lang='lat' dir='ltr'>dissimiles</span> <span class='ocrx_word' id='word_1_65' title='bbox 375 879 463 940; x_wconf 84' lang='lat' dir='ltr'>sunt.</span> <span class='ocrx_word' id='word_1_66' title='bbox 480 875 596 960; x_wconf 90' lang='lat' dir='ltr'>futuri,</span> <span class='ocrx_word' id='word_1_67' title='bbox 633 875 710 941; x_wconf 89' lang='lat' dir='ltr'>nolo</span> <span class='ocrx_word' id='word_1_68' title='bbox 743 876 825 942; x_wconf 90' lang='lat' dir='ltr'>meis</span> <span class='ocrx_word' id='word_1_69' title='bbox 858 877 1013 961; x_wconf 80' lang='lat' dir='ltr'>impensis</span> <span class='ocrx_word' id='word_1_70' title='bbox 1046 877 1178 942; x_wconf 92' lang='lat' dir='ltr'>illorum</span> <span class='ocrx_word' id='word_1_71' title='bbox 1211 878 1257 942; x_wconf 91' lang='lat' dir='ltr'>ali</span> 
     </span>
    </p>
   </div>
   <div class='ocr_carea' id='block_1_3' title="bbox 82 963 466 1053">
    <p class='ocr_par' dir='ltr' id='par_1_4' title="bbox 82 963 466 1053">
     <span class='ocr_line' id='line_1_9' title="bbox 82 963 466 1053; baseline -0.008 -20"><span class='ocrx_word' id='word_1_72' title='bbox 82 966 259 1053; x_wconf 84' lang='lat' dir='ltr'>augerique</span> <span class='ocrx_word' id='word_1_73' title='bbox 282 963 466 1030; x_wconf 89' lang='lat' dir='ltr'>luxuriam&#39;.</span> 
     </span>
    </p>
   </div>
   <div class='ocr_carea' id='block_1_4' title="bbox 82 1051 1295 2293">
    <p class='ocr_par' dir='ltr' id='par_1_5' title="bbox 82 1051 1295 2293">
     <span class='ocr_line' id='line_1_10' title="bbox 171 1051 1288 1140; baseline 0.003 -23"><span class='ocrx_word' id='word_1_74' title='bbox 171 1052 214 1117; x_wconf 92' lang='grc' dir='ltr'>ΙΙ.</span> <span class='ocrx_word' id='word_1_75' title='bbox 237 1051 328 1118; x_wconf 91' lang='lat' dir='ltr'>Idem</span> <span class='ocrx_word' id='word_1_76' title='bbox 343 1054 493 1117; x_wconf 79' lang='lat' dir='ltr'>extremis</span> <span class='ocrx_word' id='word_1_77' title='bbox 508 1053 717 1138; x_wconf 90' lang='lat' dir='ltr'>temporibus,</span> <span class='ocrx_word' id='word_1_78' title='bbox 732 1075 805 1118; x_wconf 91' lang='lat' dir='ltr'>cum</span> <span class='ocrx_word' id='word_1_79' title='bbox 825 1053 867 1117; x_wconf 90' lang='lat' dir='ltr'>ad</span> <span class='ocrx_word' id='word_1_80' title='bbox 881 1075 1001 1118; x_wconf 90' lang='lat' dir='ltr'>annum</span> <span class='ocrx_word' id='word_1_81' title='bbox 1017 1055 1253 1140; x_wconf 82' lang='lat' dir='ltr'>octogesimum</span> <span class='ocrx_word' id='word_1_82' title='bbox 1275 1073 1288 1120; x_wconf 93' lang='lat'>1</span> 
     </span>
     <span class='ocr_line' id='line_1_11' title="bbox 82 1141 1253 1228; baseline -0.001 -20"><span class='ocrx_word' id='word_1_83' title='bbox 82 1164 239 1228; x_wconf 87' lang='lat' dir='ltr'>prospera</span> <span class='ocrx_word' id='word_1_84' title='bbox 254 1163 332 1206; x_wconf 92' lang='lat' dir='ltr'>usus</span> <span class='ocrx_word' id='word_1_85' title='bbox 352 1145 437 1206; x_wconf 90' lang='lat' dir='ltr'>esset</span> <span class='ocrx_word' id='word_1_86' title='bbox 451 1141 591 1224; x_wconf 84' lang='lat' dir='ltr'>fortuna,</span> <span class='ocrx_word' id='word_1_87' title='bbox 605 1141 638 1204; x_wconf 93' lang='lat' dir='ltr'>in</span> <span class='ocrx_word' id='word_1_88' title='bbox 653 1163 809 1228; x_wconf 80' lang='lat' dir='ltr'>magnum</span> <span class='ocrx_word' id='word_1_89' title='bbox 822 1142 971 1226; x_wconf 89' lang='lat' dir='ltr'>pervenit</span> <span class='ocrx_word' id='word_1_90' title='bbox 987 1164 1119 1207; x_wconf 91' lang='lat' dir='ltr'>suorum</span> <span class='ocrx_word' id='word_1_91' title='bbox 1133 1142 1253 1207; x_wconf 83' lang='lat' dir='ltr'>civium</span> 
     </span>
     <span class='ocr_line' id='line_1_12' title="bbox 83 1226 1292 1316; baseline 0 -19"><span class='ocrx_word' id='word_1_92' title='bbox 83 1234 202 1315; x_wconf 91' lang='lat' dir='ltr'>odium,</span> <span class='ocrx_word' id='word_1_93' title='bbox 220 1231 333 1314; x_wconf 93' lang='lat' dir='ltr'>primo,</span> <span class='ocrx_word' id='word_1_94' title='bbox 352 1226 468 1316; x_wconf 82' lang='lat' dir='ltr'>qu0d²)</span> <span class='ocrx_word' id='word_1_95' title='bbox 493 1252 565 1296; x_wconf 91' lang='lat' dir='ltr'>cum</span> <span class='ocrx_word' id='word_1_96' title='bbox 584 1229 728 1295; x_wconf 80' lang='lat' dir='ltr'>Demade</span> <span class='ocrx_word' id='word_1_97' title='bbox 747 1230 786 1294; x_wconf 91' lang='lat' dir='ltr'>de</span> <span class='ocrx_word' id='word_1_98' title='bbox 805 1231 884 1295; x_wconf 91' lang='lat' dir='ltr'>urbe</span> <span class='ocrx_word' id='word_1_99' title='bbox 903 1227 1090 1314; x_wconf 82' lang='lat' dir='ltr'>tradenda⁸)</span> <span class='ocrx_word' id='word_1_100' title='bbox 1117 1232 1159 1312; x_wconf 88' lang='lat' dir='ltr'>[a.</span> <span class='ocrx_word' id='word_1_101' title='bbox 1174 1232 1253 1311; x_wconf 78' lang='lat'><strong>322]</strong></span> <span class='ocrx_word' id='word_1_102' title='bbox 1276 1249 1292 1296; x_wconf 78' lang='lat' dir='ltr'>a</span> 
     </span>
     <span class='ocr_line' id='line_1_13' title="bbox 82 1318 1256 1404; baseline -0.003 -18"><span class='ocrx_word' id='word_1_103' title='bbox 82 1322 258 1404; x_wconf 77' lang='lat' dir='ltr'>Antipatro</span> <span class='ocrx_word' id='word_1_104' title='bbox 283 1327 490 1384; x_wconf 80' lang='lat' dir='ltr'>consenserat</span> <span class='ocrx_word' id='word_1_105' title='bbox 512 1339 614 1402; x_wconf 90' lang='lat' dir='ltr'>eoque</span> <span class='ocrx_word' id='word_1_106' title='bbox 637 1341 705 1385; x_wconf 90' lang='lat' dir='ltr'>non</span> <span class='ocrx_word' id='word_1_107' title='bbox 727 1324 898 1384; x_wconf 82' lang='lat' dir='ltr'>recusante</span> <span class='ocrx_word' id='word_1_108' title='bbox 920 1318 1157 1385; x_wconf 87' lang='lat' dir='ltr'>Demosthenes</span> <span class='ocrx_word' id='word_1_109' title='bbox 1182 1341 1256 1385; x_wconf 91' lang='lat' dir='ltr'>cum</span> 
     </span>
     <span class='ocr_line' id='line_1_14' title="bbox 84 1407 1256 1492; baseline -0.004 -17"><span class='ocrx_word' id='word_1_110' title='bbox 84 1411 213 1492; x_wconf 87' lang='lat' dir='ltr'>ceteris,</span> <span class='ocrx_word' id='word_1_111' title='bbox 240 1407 296 1492; x_wconf 90' lang='lat' dir='ltr'>qui</span> <span class='ocrx_word' id='word_1_112' title='bbox 318 1408 399 1472; x_wconf 90' lang='lat' dir='ltr'>bene</span> <span class='ocrx_word' id='word_1_113' title='bbox 423 1407 462 1472; x_wconf 91' lang='lat' dir='ltr'>de</span> <span class='ocrx_word' id='word_1_114' title='bbox 485 1429 519 1472; x_wconf 91' lang='lat' dir='ltr'>re</span> <span class='ocrx_word' id='word_1_115' title='bbox 543 1407 673 1490; x_wconf 89' lang='lat' dir='ltr'>publica</span> <span class='ocrx_word' id='word_1_116' title='bbox 696 1409 804 1472; x_wconf 91' lang='lat' dir='ltr'>meriti</span> <span class='ocrx_word' id='word_1_117' title='bbox 828 1409 1114 1487; x_wconf 85' lang='lat' dir='ltr'>existimabantur,</span> <span class='ocrx_word' id='word_1_118' title='bbox 1142 1407 1256 1491; x_wconf 94' lang='lat' dir='ltr'>populi</span> 
     </span>
     <span class='ocr_line' id='line_1_15' title="bbox 83 1495 1256 1581; baseline -0.003 -18"><span class='ocrx_word' id='word_1_119' title='bbox 83 1500 165 1564; x_wconf 90' lang='lat' dir='ltr'>scito</span> <span class='ocrx_word' id='word_1_120' title='bbox 189 1498 224 1561; x_wconf 90' lang='lat' dir='ltr'>in</span> <span class='ocrx_word' id='word_1_121' title='bbox 247 1496 395 1560; x_wconf 87' lang='lat' dir='ltr'>exsilium</span> <span class='ocrx_word' id='word_1_122' title='bbox 419 1501 512 1560; x_wconf 91' lang='lat' dir='ltr'>erant</span> <span class='ocrx_word' id='word_1_123' title='bbox 535 1495 669 1580; x_wconf 87' lang='lat' dir='ltr'>expulsi.</span> <span class='ocrx_word' id='word_1_124' title='bbox 714 1495 828 1581; x_wconf 89' lang='lat' dir='ltr'>Neque</span> <span class='ocrx_word' id='word_1_125' title='bbox 851 1498 884 1562; x_wconf 93' lang='lat' dir='ltr'>in</span> <span class='ocrx_word' id='word_1_126' title='bbox 908 1519 946 1563; x_wconf 95' lang='lat' dir='ltr'>eo</span> <span class='ocrx_word' id='word_1_127' title='bbox 969 1497 1002 1562; x_wconf 93' lang='lat' dir='ltr'>id</span> <span class='ocrx_word' id='word_1_128' title='bbox 1028 1498 1135 1562; x_wconf 91' lang='lat' dir='ltr'>solum</span> <span class='ocrx_word' id='word_1_129' title='bbox 1159 1497 1256 1561; x_wconf 87' lang='lat' dir='ltr'>offen·</span> 
     </span>
     <span class='ocr_line' id='line_1_16' title="bbox 84 1584 1257 1670; baseline -0.003 -18"><span class='ocrx_word' id='word_1_130' title='bbox 84 1587 169 1652; x_wconf 88' lang='lat' dir='ltr'>disse</span> <span class='ocrx_word' id='word_1_131' title='bbox 183 1585 364 1666; x_wconf 87' lang='lat' dir='ltr'>videbatur,</span> <span class='ocrx_word' id='word_1_132' title='bbox 383 1585 468 1669; x_wconf 91' lang='lat' dir='ltr'>quod</span> <span class='ocrx_word' id='word_1_133' title='bbox 483 1584 607 1668; x_wconf 89' lang='lat' dir='ltr'>patriae</span> <span class='ocrx_word' id='word_1_134' title='bbox 627 1585 710 1650; x_wconf 89' lang='lat' dir='ltr'>male</span> <span class='ocrx_word' id='word_1_135' title='bbox 730 1586 952 1668; x_wconf 86' lang='lat' dir='ltr'>consuluisset,</span> <span class='ocrx_word' id='word_1_136' title='bbox 972 1586 1153 1668; x_wconf 91' lang='lat' dir='ltr'>sedetiam,</span> <span class='ocrx_word' id='word_1_137' title='bbox 1171 1585 1257 1670; x_wconf 92' lang='lat' dir='ltr'>quod</span> 
     </span>
     <span class='ocr_line' id='line_1_17' title="bbox 84 1669 1292 1759; baseline 0.001 -19"><span class='ocrx_word' id='word_1_138' title='bbox 84 1675 248 1741; x_wconf 77' lang='lat' dir='ltr'>amicitiae</span> <span class='ocrx_word' id='word_1_139' title='bbox 266 1673 362 1738; x_wconf 89' lang='lat' dir='ltr'>fidem</span> <span class='ocrx_word' id='word_1_140' title='bbox 381 1695 447 1737; x_wconf 92' lang='lat' dir='ltr'>non</span> <span class='ocrx_word' id='word_1_141' title='bbox 465 1669 725 1756; x_wconf 56' lang='lat' dir='ltr'>praestitissent.</span> <span class='ocrx_word' id='word_1_142' title='bbox 763 1672 912 1759; x_wconf 90' lang='lat' dir='ltr'>Namque</span> <span class='ocrx_word' id='word_1_143' title='bbox 932 1679 1044 1740; x_wconf 88' lang='lat' dir='ltr'>auctus</span> <span class='ocrx_word' id='word_1_144' title='bbox 1064 1674 1257 1759; x_wconf 86' lang='lat' dir='ltr'>adiutusque</span> <span class='ocrx_word' id='word_1_145' title='bbox 1276 1692 1292 1741; x_wconf 86' lang='lat'><strong>3</strong></span> 
     </span>
     <span class='ocr_line' id='line_1_18' title="bbox 85 1758 1257 1846; baseline -0.002 -18"><span class='ocrx_word' id='word_1_146' title='bbox 85 1786 104 1828; x_wconf 92' lang='lat' dir='ltr'>a</span> <span class='ocrx_word' id='word_1_147' title='bbox 128 1761 363 1845; x_wconf 85' lang='lat' dir='ltr'>Demosthene,</span> <span class='ocrx_word' id='word_1_148' title='bbox 387 1761 442 1846; x_wconf 93' lang='lat' dir='ltr'>qui</span> <span class='ocrx_word' id='word_1_149' title='bbox 465 1761 619 1826; x_wconf 88' lang='lat' dir='ltr'>adversus</span> <span class='ocrx_word' id='word_1_150' title='bbox 644 1758 816 1827; x_wconf 79' lang='lat' dir='ltr'>Charetem</span> <span class='ocrx_word' id='word_1_151' title='bbox 844 1784 918 1827; x_wconf 89' lang='lat' dir='ltr'>eum</span> <span class='ocrx_word' id='word_1_152' title='bbox 941 1764 1148 1845; x_wconf 83' lang='lat' dir='ltr'>subornaret,</span> <span class='ocrx_word' id='word_1_153' title='bbox 1173 1784 1257 1846; x_wconf 91' lang='lat' dir='ltr'>eum,</span> 
     </span>
     <span class='ocr_line' id='line_1_19' title="bbox 84 1849 1258 1937; baseline -0.003 -20"><span class='ocrx_word' id='word_1_154' title='bbox 84 1874 181 1937; x_wconf 91' lang='lat' dir='ltr'>quem</span> <span class='ocrx_word' id='word_1_155' title='bbox 204 1851 345 1934; x_wconf 89' lang='lat' dir='ltr'>tenebat,</span> <span class='ocrx_word' id='word_1_156' title='bbox 368 1849 504 1934; x_wconf 84' lang='lat' dir='ltr'>gradum</span> <span class='ocrx_word' id='word_1_157' title='bbox 528 1849 731 1928; x_wconf 87' lang='lat' dir='ltr'>ascenderat:</span> <span class='ocrx_word' id='word_1_158' title='bbox 761 1851 803 1915; x_wconf 90' lang='lat' dir='ltr'>ab</span> <span class='ocrx_word' id='word_1_159' title='bbox 828 1851 940 1916; x_wconf 92' lang='lat' dir='ltr'>eodem</span> <span class='ocrx_word' id='word_1_160' title='bbox 963 1852 998 1916; x_wconf 92' lang='lat' dir='ltr'>in</span> <span class='ocrx_word' id='word_1_161' title='bbox 1020 1850 1161 1935; x_wconf 86' lang='lat' dir='ltr'>iudiciis,</span> <span class='ocrx_word' id='word_1_162' title='bbox 1185 1872 1258 1914; x_wconf 90' lang='lat' dir='ltr'>oum</span> 
     </span>
     <span class='ocr_line' id='line_1_20' title="bbox 85 1937 1257 2024; baseline -0.003 -18"><span class='ocrx_word' id='word_1_163' title='bbox 85 1941 202 2024; x_wconf 86' lang='lat' dir='ltr'>capitis</span> <span class='ocrx_word' id='word_1_164' title='bbox 217 1961 349 2005; x_wconf 89' lang='lat' dir='ltr'>causam</span> <span class='ocrx_word' id='word_1_165' title='bbox 363 1938 493 2020; x_wconf 87' lang='lat' dir='ltr'>diceret,</span> <span class='ocrx_word' id='word_1_166' title='bbox 506 1937 656 2003; x_wconf 87' lang='lat' dir='ltr'>defensus</span> <span class='ocrx_word' id='word_1_167' title='bbox 672 1938 874 2024; x_wconf 88' lang='lat' dir='ltr'>aliquotiens,</span> <span class='ocrx_word' id='word_1_168' title='bbox 884 1940 1041 2004; x_wconf 89' lang='lat' dir='ltr'>liberatus</span> <span class='ocrx_word' id='word_1_169' title='bbox 1056 1938 1257 2004; x_wconf 90' lang='lat' dir='ltr'>discesserat.</span> 
     </span>
     <span class='ocr_line' id='line_1_21' title="bbox 85 2027 1258 2112; baseline -0.003 -18"><span class='ocrx_word' id='word_1_170' title='bbox 85 2029 181 2094; x_wconf 88' lang='lat' dir='ltr'>Hunc</span> <span class='ocrx_word' id='word_1_171' title='bbox 195 2028 366 2095; x_wconf 85' lang='lat' dir='ltr'>videbatur</span> <span class='ocrx_word' id='word_1_172' title='bbox 379 2049 446 2092; x_wconf 92' lang='lat' dir='ltr'>non</span> <span class='ocrx_word' id='word_1_173' title='bbox 464 2029 569 2092; x_wconf 93' lang='lat' dir='ltr'>solum</span> <span class='ocrx_word' id='word_1_174' title='bbox 588 2027 623 2092; x_wconf 92' lang='lat' dir='ltr'>in</span> <span class='ocrx_word' id='word_1_175' title='bbox 636 2028 784 2112; x_wconf 91' lang='lat' dir='ltr'>periculo</span> <span class='ocrx_word' id='word_1_176' title='bbox 803 2050 870 2092; x_wconf 92' lang='lat' dir='ltr'>non</span> <span class='ocrx_word' id='word_1_177' title='bbox 885 2028 1075 2112; x_wconf 86' lang='lat' dir='ltr'>defendisse,</span> <span class='ocrx_word' id='word_1_178' title='bbox 1089 2027 1145 2092; x_wconf 92' lang='lat' dir='ltr'>sed</span> <span class='ocrx_word' id='word_1_179' title='bbox 1160 2028 1258 2092; x_wconf 92' lang='lat' dir='ltr'>etiam</span> 
     </span>
     <span class='ocr_line' id='line_1_22' title="bbox 84 2115 1295 2203; baseline -0.001 -21"><span class='ocrx_word' id='word_1_180' title='bbox 84 2117 274 2202; x_wconf 83' lang='lat' dir='ltr'>prodidisse.</span> <span class='ocrx_word' id='word_1_181' title='bbox 320 2115 471 2182; x_wconf 79' lang='lat' dir='ltr'>Concidit</span> <span class='ocrx_word' id='word_1_182' title='bbox 499 2120 607 2180; x_wconf 89' lang='lat' dir='ltr'>autem</span> <span class='ocrx_word' id='word_1_183' title='bbox 635 2117 773 2181; x_wconf 86' lang='lat' dir='ltr'>maxime</span> <span class='ocrx_word' id='word_1_184' title='bbox 797 2138 861 2181; x_wconf 92' lang='lat' dir='ltr'>uno</span> <span class='ocrx_word' id='word_1_185' title='bbox 886 2117 1034 2200; x_wconf 89' lang='lat' dir='ltr'>crimine,</span> <span class='ocrx_word' id='word_1_186' title='bbox 1058 2116 1156 2203; x_wconf 91' lang='lat' dir='ltr'>quod,</span> <span class='ocrx_word' id='word_1_187' title='bbox 1185 2133 1295 2181; x_wconf 71' lang='lat' dir='ltr'>cumr</span> 
     </span>
     <span class='ocr_line' id='line_1_23' title="bbox 83 2202 1258 2293; baseline -0.003 -21"><span class='ocrx_word' id='word_1_188' title='bbox 83 2229 183 2291; x_wconf 91' lang='lat' dir='ltr'>penes</span> <span class='ocrx_word' id='word_1_189' title='bbox 202 2228 275 2271; x_wconf 92' lang='lat' dir='ltr'>eum</span> <span class='ocrx_word' id='word_1_190' title='bbox 294 2227 458 2270; x_wconf 91' lang='lat' dir='ltr'>summum</span> <span class='ocrx_word' id='word_1_191' title='bbox 476 2208 563 2269; x_wconf 92' lang='lat' dir='ltr'>esset</span> <span class='ocrx_word' id='word_1_192' title='bbox 580 2205 753 2288; x_wconf 91' lang='lat' dir='ltr'>imperium</span> <span class='ocrx_word' id='word_1_193' title='bbox 771 2202 928 2293; x_wconf 86' lang='lat' dir='ltr'>populi⁶),</span> <span class='ocrx_word' id='word_1_194' title='bbox 947 2211 1098 2271; x_wconf 90' lang='lat' dir='ltr'>monente</span> <span class='ocrx_word' id='word_1_195' title='bbox 1115 2203 1258 2287; x_wconf 83' lang='lat' dir='ltr'>Dercylo</span> 
     </span>
    </p>
   </div>
   <div class='ocr_carea' id='block_1_5' title="bbox 84 2431 648 3281">
    <p class='ocr_par' dir='ltr' id='par_1_6' title="bbox 84 2431 648 3281">
     <span class='ocr_line' id='line_1_24' title="bbox 123 2431 644 2503; baseline -0.002 -16"><span class='ocrx_word' id='word_1_196' title='bbox 123 2435 143 2503; x_wconf 88' lang='lat'>¹)</span> <span class='ocrx_word' id='word_1_197' title='bbox 176 2432 324 2502; x_wconf 88' lang='lat' dir='ltr'>Philippus</span> <span class='ocrx_word' id='word_1_198' title='bbox 356 2431 526 2501; x_wconf 72' lang='lat' dir='ltr'>Arrhidaus,</span> <span class='ocrx_word' id='word_1_199' title='bbox 563 2431 644 2486; x_wconf 83' lang='lat' dir='ltr'>blod-</span> 
     </span>
     <span class='ocr_line' id='line_1_25' title="bbox 85 2501 644 2630; baseline -0.005 -71"><span class='ocrx_word' id='word_1_200' title='bbox 85 2505 209 2630; x_wconf 59' lang='lat' dir='ltr'>qrqpiiger</span> <span class='ocrx_word' id='word_1_201' title='bbox 249 2502 427 2627; x_wconf 59' lang='lat' dir='ltr'>liqlbbruder</span> <span class='ocrx_word' id='word_1_202' title='bbox 464 2501 644 2628; x_wconf 61' lang='lat' dir='ltr'>Ahlexlquerp.</span> 
     </span>
     <span class='ocr_line' id='line_1_26' title="bbox 85 2574 645 2702; baseline -0.005 -1"><span class='ocrx_word' id='word_1_203' title='bbox 85 2574 484 2702; x_wconf 54' lang='lat' dir='ltr'>schaitaiditfldehie&#39;lfdddhdes</span> <span class='ocrx_word' id='word_1_204' title='bbox 499 2589 645 2699; x_wconf 59' lang='lat' dir='ltr'>iendiddal</span> 
     </span>
     <span class='ocr_line' id='line_1_27' title="bbox 85 2706 646 2796; baseline -0.007 -25"><span class='ocrx_word' id='word_1_205' title='bbox 85 2719 170 2786; x_wconf 77' lang='lat'>(321).</span> <span class='ocrx_word' id='word_1_206' title='bbox 199 2706 385 2785; x_wconf 82' lang='lat' dir='ltr'>llbrigensist</span> <span class='ocrx_word' id='word_1_207' title='bbox 399 2713 646 2796; x_wconf 77' lang='lat' dir='ltr'>dieseErzthlung</span> 
     </span>
     <span class='ocr_line' id='line_1_28' title="bbox 84 2787 646 2911; baseline -0.005 -68"><span class='ocrx_word' id='word_1_208' title='bbox 84 2804 227 2911; x_wconf 64' lang='lat' dir='ltr'>qngenau,</span> <span class='ocrx_word' id='word_1_209' title='bbox 264 2787 387 2910; x_wconf 65' lang='lat' dir='ltr'>in⁵⁰qffm</span> <span class='ocrx_word' id='word_1_210' title='bbox 405 2787 646 2911; x_wconf 62' lang='lat' dir='ltr'>lldemdPhAiio&#39;n</span> 
     </span>
     <span class='ocr_line' id='line_1_29' title="bbox 86 2859 648 2998; baseline -0.005 -14"><span class='ocrx_word' id='word_1_211' title='bbox 86 2859 328 2998; x_wconf 45' lang='lat' dir='ltr'>,tritta</span> <span class='ocrx_word' id='word_1_212' title='bbox 351 2874 563 2983; x_wconf 69' lang='lat' dir='ltr'>sunnis</span> <span class='ocrx_word' id='word_1_213' title='bbox 599 2860 648 2982; x_wconf 72' lang='lat' dir='ltr'>t</span> 
     </span>
     <span class='ocr_line' id='line_1_30' title="bbox 87 2999 647 3069; baseline -0.002 -16"><span class='ocrx_word' id='word_1_214' title='bbox 87 2999 321 3055; x_wconf 88' lang='lat' dir='ltr'>macedonischen</span> <span class='ocrx_word' id='word_1_215' title='bbox 335 2999 494 3069; x_wconf 82' lang='lat' dir='ltr'>Besatzung</span> <span class='ocrx_word' id='word_1_216' title='bbox 508 3000 538 3054; x_wconf 92' lang='lat' dir='ltr'>in</span> <span class='ocrx_word' id='word_1_217' title='bbox 551 2999 647 3069; x_wconf 83' lang='lat' dir='ltr'>Muny-</span> 
     </span>
     <span class='ocr_line' id='line_1_31' title="bbox 88 3069 648 3141; baseline 0 -16"><span class='ocrx_word' id='word_1_218' title='bbox 88 3071 152 3126; x_wconf 87' lang='lat' dir='ltr'>chia</span> <span class='ocrx_word' id='word_1_219' title='bbox 170 3071 338 3141; x_wconf 80' lang='lat' dir='ltr'>eingesetzt,</span> <span class='ocrx_word' id='word_1_220' title='bbox 362 3069 521 3139; x_wconf 80' lang='lat' dir='ltr'>angeboten</span> <span class='ocrx_word' id='word_1_221' title='bbox 543 3070 648 3140; x_wconf 81' lang='lat' dir='ltr'>warde,</span> 
     </span>
     <span class='ocr_line' id='line_1_32' title="bbox 86 3140 648 3210; baseline 0 -14"><span class='ocrx_word' id='word_1_222' title='bbox 86 3142 159 3196; x_wconf 90' lang='lat' dir='ltr'>auch</span> <span class='ocrx_word' id='word_1_223' title='bbox 176 3143 302 3197; x_wconf 87' lang='lat' dir='ltr'>Phocion</span> <span class='ocrx_word' id='word_1_224' title='bbox 320 3159 373 3197; x_wconf 90' lang='lat' dir='ltr'>nur</span> <span class='ocrx_word' id='word_1_225' title='bbox 391 3143 473 3196; x_wconf 90' lang='lat' dir='ltr'>einen</span> <span class='ocrx_word' id='word_1_226' title='bbox 487 3140 571 3210; x_wconf 82' lang='lat' dir='ltr'>Sohn,</span> <span class='ocrx_word' id='word_1_227' title='bbox 589 3141 648 3196; x_wconf 88' lang='lat' dir='ltr'>Na-</span> 
     </span>
     <span class='ocr_line' id='line_1_33' title="bbox 86 3211 406 3281; baseline 0.006 -15"><span class='ocrx_word' id='word_1_228' title='bbox 86 3229 164 3267; x_wconf 89' lang='lat' dir='ltr'>mens</span> <span class='ocrx_word' id='word_1_229' title='bbox 182 3211 299 3281; x_wconf 87' lang='lat' dir='ltr'>Phocus,</span> <span class='ocrx_word' id='word_1_230' title='bbox 319 3213 406 3268; x_wconf 88' lang='lat' dir='ltr'>hatte.</span> 
     </span>
    </p>
   </div>
   <div class='ocr_carea' id='block_1_6' title="bbox 84 3317 647 3588">
    <p class='ocr_par' dir='ltr' id='par_1_7' title="bbox 84 3317 647 3588">
     <span class='ocr_line' id='line_1_34' title="bbox 123 3317 647 3389; baseline 0.004 -17"><span class='ocrx_word' id='word_1_231' title='bbox 123 3319 235 3388; x_wconf 73' lang='lat' dir='ltr'>²)Dem</span> <span class='ocrx_word' id='word_1_232' title='bbox 257 3318 361 3389; x_wconf 89' lang='lat' dir='ltr'>primo,</span> <span class='ocrx_word' id='word_1_233' title='bbox 387 3319 463 3386; x_wconf 90' lang='lat' dir='ltr'>quod</span> <span class='ocrx_word' id='word_1_234' title='bbox 489 3317 647 3387; x_wconf 90' lang='lat' dir='ltr'>entspricht</span> 
     </span>
     <span class='ocr_line' id='line_1_35' title="bbox 84 3387 645 3456; baseline 0 -13"><span class='ocrx_word' id='word_1_235' title='bbox 84 3396 100 3456; x_wconf 67' lang='lat'>5</span> <span class='ocrx_word' id='word_1_236' title='bbox 111 3395 129 3443; x_wconf 85' lang='lat'>4</span> <span class='ocrx_word' id='word_1_237' title='bbox 142 3391 193 3444; x_wconf 89' lang='lat' dir='ltr'>das</span> <span class='ocrx_word' id='word_1_238' title='bbox 207 3388 416 3445; x_wconf 89' lang='lat' dir='ltr'>analoluthisch</span> <span class='ocrx_word' id='word_1_239' title='bbox 430 3389 460 3442; x_wconf 94' lang='lat' dir='ltr'>in</span> <span class='ocrx_word' id='word_1_240' title='bbox 472 3387 555 3442; x_wconf 82' lang='lat' dir='ltr'>Form</span> <span class='ocrx_word' id='word_1_241' title='bbox 569 3389 645 3443; x_wconf 92' lang='lat' dir='ltr'>eines</span> 
     </span>
     <span class='ocr_line' id='line_1_36' title="bbox 85 3459 646 3531; baseline -0.004 -15"><span class='ocrx_word' id='word_1_242' title='bbox 85 3463 274 3531; x_wconf 81' lang='lat' dir='ltr'>Hauptsataes</span> <span class='ocrx_word' id='word_1_243' title='bbox 291 3462 435 3530; x_wconf 80' lang='lat' dir='ltr'>gegebene</span> <span class='ocrx_word' id='word_1_244' title='bbox 454 3459 579 3515; x_wconf 87' lang='lat' dir='ltr'>concidit</span> <span class='ocrx_word' id='word_1_245' title='bbox 597 3477 646 3514; x_wconf 90' lang='lat' dir='ltr'>au·</span> 
     </span>
     <span class='ocr_line' id='line_1_37' title="bbox 84 3531 292 3588; baseline -0.01 0"><span class='ocrx_word' id='word_1_246' title='bbox 84 3535 143 3588; x_wconf 89' lang='lat' dir='ltr'>tem</span> <span class='ocrx_word' id='word_1_247' title='bbox 163 3531 292 3586; x_wconf 87' lang='lat' dir='ltr'>maxime.</span> 
     </span>
    </p>
   </div>
   <div class='ocr_carea' id='block_1_7' title="bbox 85 3636 650 4415">
    <p class='ocr_par' dir='ltr' id='par_1_8' title="bbox 124 3636 647 3707">
     <span class='ocr_line' id='line_1_38' title="bbox 124 3636 647 3707; baseline 0 -17"><span class='ocrx_word' id='word_1_248' title='bbox 124 3638 146 3707; x_wconf 73' lang='grc'>8)</span> <span class='ocrx_word' id='word_1_249' title='bbox 165 3637 244 3692; x_wconf 89' lang='lat' dir='ltr'>Auch</span> <span class='ocrx_word' id='word_1_250' title='bbox 263 3637 324 3692; x_wconf 91' lang='lat' dir='ltr'>hier</span> <span class='ocrx_word' id='word_1_251' title='bbox 342 3636 381 3691; x_wconf 91' lang='lat' dir='ltr'>ist</span> <span class='ocrx_word' id='word_1_252' title='bbox 399 3637 445 3691; x_wconf 90' lang='lat' dir='ltr'>die</span> <span class='ocrx_word' id='word_1_253' title='bbox 463 3637 647 3707; x_wconf 84' lang='lat' dir='ltr'>Darstellung</span> 
     </span>
    </p>

    <p class='ocr_par' dir='ltr' id='par_1_9' title="bbox 85 3707 650 4415">
     <span class='ocr_line' id='line_1_39' title="bbox 144 3707 647 3790; baseline -0.002 -27"><span class='ocrx_word' id='word_1_254' title='bbox 144 3725 224 3790; x_wconf 73' lang='lat' dir='ltr'>anau.</span> <span class='ocrx_word' id='word_1_255' title='bbox 263 3708 312 3762; x_wconf 91' lang='lat' dir='ltr'>Als</span> <span class='ocrx_word' id='word_1_256' title='bbox 330 3707 479 3778; x_wconf 86' lang='lat' dir='ltr'>Antipater</span> <span class='ocrx_word' id='word_1_257' title='bbox 504 3708 577 3789; x_wconf 84' lang='lat' dir='ltr'>nach</span> <span class='ocrx_word' id='word_1_258' title='bbox 596 3709 647 3762; x_wconf 92' lang='lat' dir='ltr'>Be-</span> 
     </span>
     <span class='ocr_line' id='line_1_40' title="bbox 86 3778 648 3919; baseline -0.005 -14"><span class='ocrx_word' id='word_1_259' title='bbox 86 3796 124 3905; x_wconf 66' lang='lat'>:3</span> <span class='ocrx_word' id='word_1_260' title='bbox 143 3778 315 3905; x_wconf 69' lang='lat' dir='ltr'>essin</span> <span class='ocrx_word' id='word_1_261' title='bbox 335 3778 648 3919; x_wconf 61' lang='lat' dir='ltr'>teristratae:</span> 
     </span>
     <span class='ocr_line' id='line_1_41' title="bbox 85 3918 648 3976; baseline -0.002 -1"><span class='ocrx_word' id='word_1_262' title='bbox 85 3939 134 3975; x_wconf 90' lang='lat' dir='ltr'>nm</span> <span class='ocrx_word' id='word_1_263' title='bbox 162 3922 213 3975; x_wconf 87' lang='lat' dir='ltr'>das</span> <span class='ocrx_word' id='word_1_264' title='bbox 237 3921 448 3976; x_wconf 87' lang='lat' dir='ltr'>macedonisehe</span> <span class='ocrx_word' id='word_1_265' title='bbox 470 3921 541 3975; x_wconf 92' lang='lat' dir='ltr'>Joch</span> <span class='ocrx_word' id='word_1_266' title='bbox 565 3918 648 3974; x_wconf 81' lang='lat' dir='ltr'>abau-</span> 
     </span>
     <span class='ocr_line' id='line_1_42' title="bbox 86 3991 648 4059; baseline 0 -13"><span class='ocrx_word' id='word_1_267' title='bbox 86 3991 245 4059; x_wconf 79' lang='lat' dir='ltr'>schdtteln,</span> <span class='ocrx_word' id='word_1_268' title='bbox 269 3992 315 4045; x_wconf 90' lang='lat' dir='ltr'>die</span> <span class='ocrx_word' id='word_1_269' title='bbox 339 3992 422 4046; x_wconf 83' lang='lat' dir='ltr'>Stadt</span> <span class='ocrx_word' id='word_1_270' title='bbox 440 3991 589 4059; x_wconf 85' lang='lat' dir='ltr'>bedrohte,</span> <span class='ocrx_word' id='word_1_271' title='bbox 616 4007 648 4046; x_wconf 87' lang='lat' dir='ltr'>so</span> 
     </span>
     <span class='ocr_line' id='line_1_43' title="bbox 85 4061 649 4130; baseline -0.005 -12"><span class='ocrx_word' id='word_1_272' title='bbox 85 4063 190 4118; x_wconf 82' lang='lat' dir='ltr'>hamon</span> <span class='ocrx_word' id='word_1_273' title='bbox 208 4063 346 4117; x_wconf 87' lang='lat' dir='ltr'>Demades</span> <span class='ocrx_word' id='word_1_274' title='bbox 364 4064 421 4116; x_wconf 90' lang='lat' dir='ltr'>und</span> <span class='ocrx_word' id='word_1_275' title='bbox 439 4061 576 4130; x_wconf 90' lang='lat' dir='ltr'>Phocion,</span> <span class='ocrx_word' id='word_1_276' title='bbox 600 4063 649 4117; x_wconf 91' lang='lat' dir='ltr'>der</span> 
     </span>
     <span class='ocr_line' id='line_1_44' title="bbox 86 4132 650 4203; baseline -0.002 -15"><span class='ocrx_word' id='word_1_277' title='bbox 86 4134 188 4189; x_wconf 87' lang='lat' dir='ltr'>keinen</span> <span class='ocrx_word' id='word_1_278' title='bbox 218 4134 324 4188; x_wconf 89' lang='lat' dir='ltr'>andern</span> <span class='ocrx_word' id='word_1_279' title='bbox 351 4137 474 4203; x_wconf 87' lang='lat' dir='ltr'>Ausweg</span> <span class='ocrx_word' id='word_1_280' title='bbox 501 4132 565 4200; x_wconf 89' lang='lat' dir='ltr'>sah,</span> <span class='ocrx_word' id='word_1_281' title='bbox 596 4133 650 4187; x_wconf 93' lang='lat' dir='ltr'>mit</span> 
     </span>
     <span class='ocr_line' id='line_1_45' title="bbox 87 4203 646 4275; baseline -0.002 -17"><span class='ocrx_word' id='word_1_282' title='bbox 87 4204 240 4275; x_wconf 85' lang='lat' dir='ltr'>Antipater</span> <span class='ocrx_word' id='word_1_283' title='bbox 257 4204 381 4274; x_wconf 81' lang='lat' dir='ltr'>fiberein,</span> <span class='ocrx_word' id='word_1_284' title='bbox 404 4203 466 4259; x_wconf 87' lang='lat' dir='ltr'>eine</span> <span class='ocrx_word' id='word_1_285' title='bbox 486 4203 646 4258; x_wconf 85' lang='lat' dir='ltr'>macedoni-</span> 
     </span>
     <span class='ocr_line' id='line_1_46' title="bbox 88 4273 647 4346; baseline -0.002 -17"><span class='ocrx_word' id='word_1_286' title='bbox 88 4277 155 4330; x_wconf 88' lang='lat' dir='ltr'>sche</span> <span class='ocrx_word' id='word_1_287' title='bbox 179 4275 336 4346; x_wconf 85' lang='lat' dir='ltr'>Besataung</span> <span class='ocrx_word' id='word_1_288' title='bbox 360 4277 390 4330; x_wconf 93' lang='lat' dir='ltr'>in</span> <span class='ocrx_word' id='word_1_289' title='bbox 412 4273 565 4343; x_wconf 86' lang='lat' dir='ltr'>Munychia</span> <span class='ocrx_word' id='word_1_290' title='bbox 586 4273 647 4328; x_wconf 86' lang='lat' dir='ltr'>auf-</span> 
     </span>
     <span class='ocr_line' id='line_1_47' title="bbox 87 4346 647 4415; baseline 0 -15"><span class='ocrx_word' id='word_1_291' title='bbox 87 4347 259 4415; x_wconf 83' lang='lat' dir='ltr'>aunehmen,</span> <span class='ocrx_word' id='word_1_292' title='bbox 290 4348 346 4401; x_wconf 89' lang='lat' dir='ltr'>alle</span> <span class='ocrx_word' id='word_1_293' title='bbox 374 4346 565 4402; x_wconf 83' lang='lat' dir='ltr'>Demolxraten</span> <span class='ocrx_word' id='word_1_294' title='bbox 596 4361 647 4400; x_wconf 90' lang='lat' dir='ltr'>aus</span> 
     </span>
    </p>
   </div>
   <div class='ocr_carea' id='block_1_8' title="bbox 698 2429 1262 2927">
    <p class='ocr_par' dir='ltr' id='par_1_10' title="bbox 698 2429 1262 2927">
     <span class='ocr_line' id='line_1_48' title="bbox 698 2429 1260 2499; baseline -0.004 -13"><span class='ocrx_word' id='word_1_295' title='bbox 698 2432 792 2486; x_wconf 89' lang='lat' dir='ltr'>Athen</span> <span class='ocrx_word' id='word_1_296' title='bbox 806 2448 840 2485; x_wconf 80' lang='lat' dir='ltr'>ru</span> <span class='ocrx_word' id='word_1_297' title='bbox 849 2430 1011 2486; x_wconf 88' lang='lat' dir='ltr'>verbannen</span> <span class='ocrx_word' id='word_1_298' title='bbox 1024 2431 1082 2485; x_wconf 92' lang='lat' dir='ltr'>und</span> <span class='ocrx_word' id='word_1_299' title='bbox 1096 2429 1143 2485; x_wconf 91' lang='lat' dir='ltr'>die</span> <span class='ocrx_word' id='word_1_300' title='bbox 1152 2429 1260 2499; x_wconf 88' lang='lat' dir='ltr'>Haupt-</span> 
     </span>
     <span class='ocr_line' id='line_1_49' title="bbox 698 2499 1260 2571; baseline -0.004 -15"><span class='ocrx_word' id='word_1_301' title='bbox 698 2503 795 2557; x_wconf 81' lang='lat' dir='ltr'>fdhrer</span> <span class='ocrx_word' id='word_1_302' title='bbox 809 2503 859 2557; x_wconf 91' lang='lat' dir='ltr'>der</span> <span class='ocrx_word' id='word_1_303' title='bbox 868 2501 1052 2571; x_wconf 84' lang='lat' dir='ltr'>Volhspartei</span> <span class='ocrx_word' id='word_1_304' title='bbox 1066 2517 1102 2555; x_wconf 87' lang='lat' dir='ltr'>an</span> <span class='ocrx_word' id='word_1_305' title='bbox 1108 2499 1260 2570; x_wconf 86' lang='lat' dir='ltr'>Antipater</span> 
     </span>
     <span class='ocr_line' id='line_1_50' title="bbox 699 2572 1240 2628; baseline -0.004 0"><span class='ocrx_word' id='word_1_306' title='bbox 699 2573 893 2628; x_wconf 76' lang='lat' dir='ltr'>auszuliefern.</span> <span class='ocrx_word' id='word_1_307' title='bbox 932 2572 1134 2628; x_wconf 85' lang='lat' dir='ltr'>Demosthenes</span> <span class='ocrx_word' id='word_1_308' title='bbox 1159 2575 1240 2627; x_wconf 80' lang='lat' dir='ltr'>entra</span> 
     </span>
     <span class='ocr_line' id='line_1_51' title="bbox 700 2590 1262 2700; baseline -0.004 -2"><span class='ocrx_word' id='word_1_309' title='bbox 700 2645 761 2700; x_wconf 90' lang='lat' dir='ltr'>sich</span> <span class='ocrx_word' id='word_1_310' title='bbox 791 2645 878 2698; x_wconf 89' lang='lat' dir='ltr'>durch</span> <span class='ocrx_word' id='word_1_311' title='bbox 906 2644 952 2700; x_wconf 94' lang='lat' dir='ltr'>die</span> <span class='ocrx_word' id='word_1_312' title='bbox 974 2645 1077 2699; x_wconf 83' lang='lat' dir='ltr'>Plucht</span> <span class='ocrx_word' id='word_1_313' title='bbox 1103 2644 1160 2698; x_wconf 90' lang='lat' dir='ltr'>und</span> <span class='ocrx_word' id='word_1_314' title='bbox 1184 2590 1262 2698; x_wconf 70' lang='lat' dir='ltr'>ward</span> 
     </span>
     <span class='ocr_line' id='line_1_52' title="bbox 701 2713 1262 2785; baseline 0 -17"><span class='ocrx_word' id='word_1_315' title='bbox 701 2716 776 2769; x_wconf 89' lang='lat' dir='ltr'>dann</span> <span class='ocrx_word' id='word_1_316' title='bbox 793 2714 845 2769; x_wconf 88' lang='lat' dir='ltr'>auf</span> <span class='ocrx_word' id='word_1_317' title='bbox 860 2716 914 2770; x_wconf 90' lang='lat' dir='ltr'>den</span> <span class='ocrx_word' id='word_1_318' title='bbox 928 2717 1037 2785; x_wconf 80' lang='lat' dir='ltr'>Antrag</span> <span class='ocrx_word' id='word_1_319' title='bbox 1055 2716 1104 2770; x_wconf 89' lang='lat' dir='ltr'>des</span> <span class='ocrx_word' id='word_1_320' title='bbox 1122 2713 1262 2768; x_wconf 89' lang='lat' dir='ltr'>Demades</span> 
     </span>
     <span class='ocr_line' id='line_1_53' title="bbox 700 2784 1261 2857; baseline -0.002 -19"><span class='ocrx_word' id='word_1_321' title='bbox 700 2784 731 2839; x_wconf 92' lang='lat' dir='ltr'>in</span> <span class='ocrx_word' id='word_1_322' title='bbox 745 2785 796 2839; x_wconf 90' lang='lat' dir='ltr'>der</span> <span class='ocrx_word' id='word_1_323' title='bbox 805 2786 1103 2857; x_wconf 80' lang='lat' dir='ltr'>Vollxsversammlung</span> <span class='ocrx_word' id='word_1_324' title='bbox 1117 2785 1159 2841; x_wconf 91' lang='lat' dir='ltr'>als</span> <span class='ocrx_word' id='word_1_325' title='bbox 1172 2784 1261 2840; x_wconf 79' lang='lat' dir='ltr'>Peind</span> 
     </span>
     <span class='ocr_line' id='line_1_54' title="bbox 701 2856 1118 2927; baseline 0.005 -15"><span class='ocrx_word' id='word_1_326' title='bbox 701 2858 750 2912; x_wconf 89' lang='lat' dir='ltr'>dee</span> <span class='ocrx_word' id='word_1_327' title='bbox 769 2856 957 2912; x_wconf 86' lang='lat' dir='ltr'>Vaterlandes</span> <span class='ocrx_word' id='word_1_328' title='bbox 976 2859 1118 2927; x_wconf 75' lang='lat' dir='ltr'>geachtet.</span> 
     </span>
    </p>
   </div>
   <div class='ocr_carea' id='block_1_9' title="bbox 699 2963 1264 4234">
    <p class='ocr_par' dir='ltr' id='par_1_11' title="bbox 699 2963 1264 4234">
     <span class='ocr_line' id='line_1_55' title="bbox 738 2963 877 3032; baseline 0.014 -16"><span class='ocrx_word' id='word_1_329' title='bbox 738 2963 761 3032; x_wconf 73' lang='grc'>4)</span> <span class='ocrx_word' id='word_1_330' title='bbox 793 2963 877 3018; x_wconf 87' lang='lat' dir='ltr'>Diese</span> 
     </span>
     <span class='ocr_line' id='line_1_56' title="bbox 702 3033 1264 3105; baseline 0.005 -18"><span class='ocrx_word' id='word_1_331' title='bbox 702 3033 833 3103; x_wconf 83' lang='lat' dir='ltr'>fulgenda</span> <span class='ocrx_word' id='word_1_332' title='bbox 853 3033 1033 3105; x_wconf 81' lang='lat' dir='ltr'>Ausfdhrung</span> <span class='ocrx_word' id='word_1_333' title='bbox 1055 3033 1202 3089; x_wconf 89' lang='lat' dir='ltr'>derselben</span> <span class='ocrx_word' id='word_1_334' title='bbox 1225 3036 1264 3090; x_wconf 91' lang='lat' dir='ltr'>ist</span> 
     </span>
     <span class='ocr_line' id='line_1_57' title="bbox 701 3104 1261 3175; baseline 0 -15"><span class='ocrx_word' id='word_1_335' title='bbox 701 3105 781 3160; x_wconf 89' lang='lat' dir='ltr'>nicht</span> <span class='ocrx_word' id='word_1_336' title='bbox 804 3105 885 3160; x_wconf 88' lang='lat' dir='ltr'>recht</span> <span class='ocrx_word' id='word_1_337' title='bbox 902 3105 1063 3160; x_wconf 82' lang='lat' dir='ltr'>autreffend.</span> <span class='ocrx_word' id='word_1_338' title='bbox 1099 3104 1261 3175; x_wconf 83' lang='lat' dir='ltr'>Allerdings</span> 
     </span>
     <span class='ocr_line' id='line_1_58' title="bbox 702 3175 1261 3244; baseline -0.002 -14"><span class='ocrx_word' id='word_1_339' title='bbox 702 3191 769 3244; x_wconf 84' lang='lat' dir='ltr'>mag</span> <span class='ocrx_word' id='word_1_340' title='bbox 777 3175 979 3230; x_wconf 83' lang='lat' dir='ltr'>Demosthenes</span> <span class='ocrx_word' id='word_1_341' title='bbox 993 3175 1075 3230; x_wconf 83' lang='lat' dir='ltr'>dafiir</span> <span class='ocrx_word' id='word_1_342' title='bbox 1086 3176 1261 3244; x_wconf 85' lang='lat' dir='ltr'>gesprochen</span> 
     </span>
     <span class='ocr_line' id='line_1_59' title="bbox 701 3244 1262 3314; baseline -0.002 -13"><span class='ocrx_word' id='word_1_343' title='bbox 701 3247 803 3314; x_wconf 89' lang='lat' dir='ltr'>haben,</span> <span class='ocrx_word' id='word_1_344' title='bbox 822 3247 877 3300; x_wconf 92' lang='lat' dir='ltr'>den</span> <span class='ocrx_word' id='word_1_345' title='bbox 890 3246 1014 3301; x_wconf 88' lang='lat' dir='ltr'>Phocion</span> <span class='ocrx_word' id='word_1_346' title='bbox 1033 3246 1104 3299; x_wconf 89' lang='lat' dir='ltr'>statt</span> <span class='ocrx_word' id='word_1_347' title='bbox 1122 3246 1171 3299; x_wconf 87' lang='lat' dir='ltr'>des</span> <span class='ocrx_word' id='word_1_348' title='bbox 1190 3244 1262 3300; x_wconf 86' lang='lat' dir='ltr'>Cha-</span> 
     </span>
     <span class='ocr_line' id='line_1_60' title="bbox 700 3316 1260 3386; baseline -0.004 -14"><span class='ocrx_word' id='word_1_349' title='bbox 700 3334 745 3372; x_wconf 87' lang='lat' dir='ltr'>res</span> <span class='ocrx_word' id='word_1_350' title='bbox 764 3319 818 3371; x_wconf 89' lang='lat' dir='ltr'>den</span> <span class='ocrx_word' id='word_1_351' title='bbox 834 3316 1019 3386; x_wconf 84' lang='lat' dir='ltr'>Byzantinern</span> <span class='ocrx_word' id='word_1_352' title='bbox 1037 3333 1128 3385; x_wconf 79' lang='lat' dir='ltr'>gagen</span> <span class='ocrx_word' id='word_1_353' title='bbox 1145 3316 1260 3386; x_wconf 89' lang='lat' dir='ltr'>Philipp</span> 
     </span>
     <span class='ocr_line' id='line_1_61' title="bbox 699 3385 1262 3442; baseline 0 0"><span class='ocrx_word' id='word_1_354' title='bbox 699 3404 755 3442; x_wconf 83' lang='lat' dir='ltr'>von</span> <span class='ocrx_word' id='word_1_355' title='bbox 763 3387 947 3442; x_wconf 85' lang='lat' dir='ltr'>Macedonian</span> <span class='ocrx_word' id='word_1_356' title='bbox 957 3406 990 3441; x_wconf 82' lang='lat' dir='ltr'>au</span> <span class='ocrx_word' id='word_1_357' title='bbox 997 3385 1074 3441; x_wconf 86' lang='lat' dir='ltr'>Hilfe</span> <span class='ocrx_word' id='word_1_358' title='bbox 1085 3402 1118 3440; x_wconf 88' lang='lat' dir='ltr'>zu</span> <span class='ocrx_word' id='word_1_359' title='bbox 1128 3386 1262 3442; x_wconf 83' lang='lat' dir='ltr'>echichen</span> 
     </span>
     <span class='ocr_line' id='line_1_62' title="bbox 699 3457 1260 3527; baseline 0 -15"><span class='ocrx_word' id='word_1_360' title='bbox 699 3461 759 3527; x_wconf 90' lang='lat' dir='ltr'>(um</span> <span class='ocrx_word' id='word_1_361' title='bbox 778 3460 856 3525; x_wconf 83' lang='lat'>340),</span> <span class='ocrx_word' id='word_1_362' title='bbox 880 3457 916 3510; x_wconf 85' lang='lat' dir='ltr'>da</span> <span class='ocrx_word' id='word_1_363' title='bbox 937 3458 1055 3513; x_wconf 86' lang='lat' dir='ltr'>letztere</span> <span class='ocrx_word' id='word_1_364' title='bbox 1078 3457 1134 3512; x_wconf 90' lang='lat' dir='ltr'>den</span> <span class='ocrx_word' id='word_1_365' title='bbox 1154 3458 1260 3513; x_wconf 84' lang='lat' dir='ltr'>Chares</span> 
     </span>
     <span class='ocr_line' id='line_1_63' title="bbox 701 3529 1262 3599; baseline -0.002 -16"><span class='ocrx_word' id='word_1_366' title='bbox 701 3529 905 3583; x_wconf 80' lang='lat' dir='ltr'>auizunehmen</span> <span class='ocrx_word' id='word_1_367' title='bbox 937 3529 998 3584; x_wconf 90' lang='lat' dir='ltr'>sich</span> <span class='ocrx_word' id='word_1_368' title='bbox 1029 3529 1198 3599; x_wconf 84' lang='lat' dir='ltr'>weigerten;</span> <span class='ocrx_word' id='word_1_369' title='bbox 1232 3546 1262 3584; x_wconf 91' lang='lat' dir='ltr'>er</span> 
     </span>
     <span class='ocr_line' id='line_1_64' title="bbox 700 3599 1262 3669; baseline 0.004 -16"><span class='ocrx_word' id='word_1_370' title='bbox 700 3616 768 3669; x_wconf 77' lang='lat' dir='ltr'>mag</span> <span class='ocrx_word' id='word_1_371' title='bbox 792 3601 863 3654; x_wconf 89' lang='lat' dir='ltr'>auch</span> <span class='ocrx_word' id='word_1_372' title='bbox 888 3599 1054 3654; x_wconf 88' lang='lat' dir='ltr'>wiederholt</span> <span class='ocrx_word' id='word_1_373' title='bbox 1077 3618 1128 3656; x_wconf 89' lang='lat' dir='ltr'>vor</span> <span class='ocrx_word' id='word_1_374' title='bbox 1146 3599 1262 3655; x_wconf 81' lang='lat' dir='ltr'>Gericht</span> 
     </span>
     <span class='ocr_line' id='line_1_65' title="bbox 700 3669 1263 3739; baseline 0 -15"><span class='ocrx_word' id='word_1_375' title='bbox 700 3671 751 3725; x_wconf 89' lang='lat' dir='ltr'>ihn</span> <span class='ocrx_word' id='word_1_376' title='bbox 777 3669 930 3739; x_wconf 82' lang='lat' dir='ltr'>verteidigt</span> <span class='ocrx_word' id='word_1_377' title='bbox 957 3671 1058 3725; x_wconf 91' lang='lat' dir='ltr'>haben.</span> <span class='ocrx_word' id='word_1_378' title='bbox 1097 3671 1173 3726; x_wconf 86' lang='lat' dir='ltr'>Aber</span> <span class='ocrx_word' id='word_1_379' title='bbox 1201 3670 1263 3726; x_wconf 89' lang='lat' dir='ltr'>sein</span> 
     </span>
     <span class='ocr_line' id='line_1_66' title="bbox 701 3740 1262 3810; baseline 0.004 -16"><span class='ocrx_word' id='word_1_380' title='bbox 701 3741 832 3796; x_wconf 89' lang='lat' dir='ltr'>Ansehen</span> <span class='ocrx_word' id='word_1_381' title='bbox 859 3742 918 3795; x_wconf 90' lang='lat' dir='ltr'>und</span> <span class='ocrx_word' id='word_1_382' title='bbox 945 3740 1022 3796; x_wconf 88' lang='lat' dir='ltr'>seina</span> <span class='ocrx_word' id='word_1_383' title='bbox 1047 3740 1177 3810; x_wconf 82' lang='lat' dir='ltr'>Stellung</span> <span class='ocrx_word' id='word_1_384' title='bbox 1201 3758 1262 3796; x_wconf 83' lang='lat' dir='ltr'>ver·</span> 
     </span>
     <span class='ocr_line' id='line_1_67' title="bbox 702 3811 1262 3882; baseline -0.002 -15"><span class='ocrx_word' id='word_1_385' title='bbox 702 3813 807 3867; x_wconf 83' lang='lat' dir='ltr'>danhte</span> <span class='ocrx_word' id='word_1_386' title='bbox 826 3811 951 3867; x_wconf 91' lang='lat' dir='ltr'>Phocion</span> <span class='ocrx_word' id='word_1_387' title='bbox 969 3813 1033 3866; x_wconf 87' lang='lat' dir='ltr'>dem</span> <span class='ocrx_word' id='word_1_388' title='bbox 1052 3811 1189 3882; x_wconf 81' lang='lat' dir='ltr'>jiingeren</span> <span class='ocrx_word' id='word_1_389' title='bbox 1207 3811 1262 3866; x_wconf 90' lang='lat' dir='ltr'>De-</span> 
     </span>
     <span class='ocr_line' id='line_1_68' title="bbox 701 3881 1263 3939; baseline -0.004 -1"><span class='ocrx_word' id='word_1_390' title='bbox 701 3882 863 3939; x_wconf 89' lang='lat' dir='ltr'>mosthenes</span> <span class='ocrx_word' id='word_1_391' title='bbox 895 3883 981 3938; x_wconf 90' lang='lat' dir='ltr'>nicht.</span> <span class='ocrx_word' id='word_1_392' title='bbox 1026 3881 1107 3936; x_wconf 90' lang='lat' dir='ltr'>Auoh</span> <span class='ocrx_word' id='word_1_393' title='bbox 1138 3882 1263 3938; x_wconf 83' lang='lat' dir='ltr'>honnten</span> 
     </span>
     <span class='ocr_line' id='line_1_69' title="bbox 702 3952 1264 4023; baseline -0.004 -15"><span class='ocrx_word' id='word_1_394' title='bbox 702 3955 784 4009; x_wconf 91' lang='lat' dir='ltr'>beide</span> <span class='ocrx_word' id='word_1_395' title='bbox 799 3954 846 4009; x_wconf 92' lang='lat' dir='ltr'>bei</span> <span class='ocrx_word' id='word_1_396' title='bbox 859 3952 935 4008; x_wconf 91' lang='lat' dir='ltr'>ihrer</span> <span class='ocrx_word' id='word_1_397' title='bbox 953 3953 1126 4023; x_wconf 90' lang='lat' dir='ltr'>politischen</span> <span class='ocrx_word' id='word_1_398' title='bbox 1139 3952 1264 4021; x_wconf 80' lang='lat' dir='ltr'>Gegner·</span> 
     </span>
     <span class='ocr_line' id='line_1_70' title="bbox 703 4023 1263 4092; baseline -0.002 -14"><span class='ocrx_word' id='word_1_399' title='bbox 703 4026 796 4080; x_wconf 87' lang='lat' dir='ltr'>schaft</span> <span class='ocrx_word' id='word_1_400' title='bbox 813 4024 889 4079; x_wconf 85' lang='lat' dir='ltr'>wohl</span> <span class='ocrx_word' id='word_1_401' title='bbox 913 4025 972 4079; x_wconf 89' lang='lat' dir='ltr'>sich</span> <span class='ocrx_word' id='word_1_402' title='bbox 990 4039 1045 4079; x_wconf 84' lang='lat' dir='ltr'>ron</span> <span class='ocrx_word' id='word_1_403' title='bbox 1071 4023 1263 4092; x_wconf 81' lang='lat' dir='ltr'>perstnlicher</span> 
     </span>
     <span class='ocr_line' id='line_1_71' title="bbox 702 4093 1263 4165; baseline 0 -16"><span class='ocrx_word' id='word_1_404' title='bbox 702 4094 887 4165; x_wconf 81' lang='lat' dir='ltr'>Erbitterung</span> <span class='ocrx_word' id='word_1_405' title='bbox 918 4111 1009 4164; x_wconf 78' lang='lat' dir='ltr'>gagen</span> <span class='ocrx_word' id='word_1_406' title='bbox 1045 4093 1178 4149; x_wconf 87' lang='lat' dir='ltr'>einander</span> <span class='ocrx_word' id='word_1_407' title='bbox 1209 4094 1263 4150; x_wconf 86' lang='lat' dir='ltr'>frei</span> 
     </span>
     <span class='ocr_line' id='line_1_72' title="bbox 701 4163 1261 4234; baseline 0.004 -13"><span class='ocrx_word' id='word_1_408' title='bbox 701 4167 808 4234; x_wconf 78' lang='lat' dir='ltr'>hulten,</span> <span class='ocrx_word' id='word_1_409' title='bbox 827 4168 894 4221; x_wconf 91' lang='lat' dir='ltr'>aber</span> <span class='ocrx_word' id='word_1_410' title='bbox 912 4166 1030 4219; x_wconf 89' lang='lat' dir='ltr'>nimmer</span> <span class='ocrx_word' id='word_1_411' title='bbox 1046 4165 1173 4219; x_wconf 82' lang='lat' dir='ltr'>Preunde</span> <span class='ocrx_word' id='word_1_412' title='bbox 1193 4163 1261 4223; x_wconf 81' lang='lat' dir='ltr'>sein.</span> 
     </span>
    </p>
   </div>
   <div class='ocr_carea' id='block_1_10' title="bbox 908 2963 1263 3034">
    <p class='ocr_par' dir='ltr' id='par_1_12' title="bbox 908 2963 1263 3034">
     <span class='ocr_line' id='line_1_73' title="bbox 908 2963 1263 3034; baseline 0.008 -18"><span class='ocrx_word' id='word_1_413' title='bbox 908 2963 1087 3034; x_wconf 85' lang='lat' dir='ltr'>Bemerkung</span> <span class='ocrx_word' id='word_1_414' title='bbox 1123 2964 1181 3018; x_wconf 92' lang='lat' dir='ltr'>und</span> <span class='ocrx_word' id='word_1_415' title='bbox 1217 2964 1263 3020; x_wconf 86' lang='lat' dir='ltr'>die</span> 
     </span>
    </p>
   </div>
   <div class='ocr_carea' id='block_1_11' title="bbox 702 4269 1261 4412">
    <p class='ocr_par' dir='ltr' id='par_1_13' title="bbox 702 4269 1261 4412">
     <span class='ocr_line' id='line_1_74' title="bbox 739 4269 1261 4342; baseline 0.002 -17"><span class='ocrx_word' id='word_1_416' title='bbox 739 4272 761 4342; x_wconf 78' lang='lat'>⁸)</span> <span class='ocrx_word' id='word_1_417' title='bbox 781 4272 818 4326; x_wconf 84' lang='lat' dir='ltr'>llr</span> <span class='ocrx_word' id='word_1_418' title='bbox 835 4288 893 4325; x_wconf 84' lang='lat' dir='ltr'>war</span> <span class='ocrx_word' id='word_1_419' title='bbox 913 4271 1026 4341; x_wconf 79' lang='lat' dir='ltr'>Strateg</span> <span class='ocrx_word' id='word_1_420' title='bbox 1050 4271 1107 4325; x_wconf 91' lang='lat' dir='ltr'>und</span> <span class='ocrx_word' id='word_1_421' title='bbox 1125 4269 1261 4342; x_wconf 85' lang='lat' dir='ltr'>Dercylus</span> 
     </span>
     <span class='ocr_line' id='line_1_75' title="bbox 702 4342 907 4412; baseline -0.01 -13"><span class='ocrx_word' id='word_1_422' title='bbox 702 4343 761 4399; x_wconf 90' lang='lat' dir='ltr'>sein</span> <span class='ocrx_word' id='word_1_423' title='bbox 779 4342 907 4412; x_wconf 79' lang='lat' dir='ltr'>Kollege.</span> 
     </span>
    </p>
   </div>
   <div class='ocr_carea' id='block_1_12' title="bbox 0 0 1419 4786">
    <p class='ocr_par' dir='ltr' id='par_1_14' title="bbox 0 0 1419 4786">
     <span class='ocr_line' id='line_1_76' title="bbox 0 0 1419 4786; baseline 0 0"><span class='ocrx_word' id='word_1_424' title='bbox 0 0 1419 4786; x_wconf 95' lang='lat' dir='ltr'> </span> 
     </span>
    </p>
   </div>
  </div>
 </body>
</html>
