<?xml version="1.0" encoding="UTF-8"?>
<!DOCTYPE html PUBLIC "-//W3C//DTD XHTML 1.0 Transitional//EN"
    "http://www.w3.org/TR/xhtml1/DTD/xhtml1-transitional.dtd">
<html xmlns="http://www.w3.org/1999/xhtml" xml:lang="en" lang="en">
 <head>
  <title>
</title>
<meta http-equiv="Content-Type" content="text/html;charset=utf-8" />
  <meta name='ocr-system' content='tesseract 3.04.00' />
  <meta name='ocr-capabilities' content='ocr_page ocr_carea ocr_par ocr_line ocrx_word'/>
</head>
<body>
  <div class='ocr_page' id='page_1' title='image "./corneliinepotis04nepogoog_0027.png"; bbox 0 0 2812 4786; ppageno 0'>
   <div class='ocr_carea' id='block_1_1' title="bbox 133 127 907 192">
    <p class='ocr_par' dir='ltr' id='par_1_1' title="bbox 133 127 907 192">
     <span class='ocr_line' id='line_1_1' title="bbox 133 127 907 192; baseline 0 -9"><span class='ocrx_word' id='word_1_1' title='bbox 133 129 177 192; x_wconf 88' lang='grc'><strong>14</strong></span> <span class='ocrx_word' id='word_1_2' title='bbox 530 128 579 186; x_wconf 82' lang='lat' dir='ltr'><strong>IV.</strong></span> <span class='ocrx_word' id='word_1_3' title='bbox 605 127 817 184; x_wconf 86' lang='lat' dir='ltr'><strong>PAUSANIAS.</strong></span> <span class='ocrx_word' id='word_1_4' title='bbox 841 133 867 185; x_wconf 68' lang='lat' dir='ltr'><strong>A.</strong></span> <span class='ocrx_word' id='word_1_5' title='bbox 882 134 907 183; x_wconf 82' lang='grc'><strong>3.</strong></span> 
     </span>
    </p>
   </div>
   <div class='ocr_carea' id='block_1_2' title="bbox 95 288 1348 3483">
    <p class='ocr_par' dir='ltr' id='par_1_2' title="bbox 133 288 1307 376">
     <span class='ocr_line' id='line_1_2' title="bbox 133 288 1307 376; baseline 0.001 -18"><span class='ocrx_word' id='word_1_6' title='bbox 133 293 256 358; x_wconf 89' lang='lat' dir='ltr'><strong>deletos</strong></span> <span class='ocrx_word' id='word_1_7' title='bbox 275 292 407 376; x_wconf 87' lang='lat' dir='ltr'><strong>eiusque</strong></span> <span class='ocrx_word' id='word_1_8' title='bbox 421 291 576 357; x_wconf 84' lang='lat' dir='ltr'><strong>victoriae</strong></span> <span class='ocrx_word' id='word_1_9' title='bbox 591 311 668 376; x_wconf 82' lang='lat' dir='ltr'><strong>ergo</strong></span> <span class='ocrx_word' id='word_1_10' title='bbox 674 288 702 376; x_wconf 74' lang='lat'><strong>²)</strong></span> <span class='ocrx_word' id='word_1_11' title='bbox 720 290 801 356; x_wconf 91' lang='lat' dir='ltr'><strong>illud</strong></span> <span class='ocrx_word' id='word_1_12' title='bbox 816 313 851 355; x_wconf 89' lang='lat' dir='ltr'><strong>se</strong></span> <span class='ocrx_word' id='word_1_13' title='bbox 866 289 1013 374; x_wconf 82' lang='lat' dir='ltr'><strong>Apollini</strong></span> <span class='ocrx_word' id='word_1_14' title='bbox 1029 290 1149 355; x_wconf 90' lang='lat' dir='ltr'><strong>donum</strong></span> <span class='ocrx_word' id='word_1_15' title='bbox 1169 290 1307 359; x_wconf 77' lang='lat' dir='ltr'><strong>dedisse.</strong></span> 
     </span>
    </p>

    <p class='ocr_par' dir='ltr' id='par_1_3' title="bbox 98 378 1305 555">
     <span class='ocr_line' id='line_1_3' title="bbox 98 378 1305 464; baseline 0.001 -18"><span class='ocrx_word' id='word_1_16' title='bbox 98 397 116 446; x_wconf 77' lang='lat'>4</span> <span class='ocrx_word' id='word_1_17' title='bbox 133 381 204 448; x_wconf 89' lang='lat' dir='ltr'><strong>Hos</strong></span> <span class='ocrx_word' id='word_1_18' title='bbox 219 402 330 447; x_wconf 82' lang='lat' dir='ltr'><strong>versus</strong></span> <span class='ocrx_word' id='word_1_19' title='bbox 348 379 595 446; x_wconf 87' lang='lat' dir='ltr'><strong>Lacedaemonii</strong></span> <span class='ocrx_word' id='word_1_20' title='bbox 613 380 858 464; x_wconf 84' lang='lat' dir='ltr'><strong>exsculpserunt</strong></span> <span class='ocrx_word' id='word_1_21' title='bbox 875 401 981 464; x_wconf 88' lang='lat' dir='ltr'><strong>neque</strong></span> <span class='ocrx_word' id='word_1_22' title='bbox 999 379 1087 444; x_wconf 88' lang='lat' dir='ltr'><strong>aliud</strong></span> <span class='ocrx_word' id='word_1_23' title='bbox 1102 378 1305 463; x_wconf 87' lang='lat' dir='ltr'><strong>scripserunt</strong></span> 
     </span>
     <span class='ocr_line' id='line_1_4' title="bbox 135 468 1305 555; baseline 0 -19"><span class='ocrx_word' id='word_1_24' title='bbox 135 492 232 555; x_wconf 88' lang='lat' dir='ltr'><strong>quam</strong></span> <span class='ocrx_word' id='word_1_25' title='bbox 245 469 378 535; x_wconf 90' lang='lat' dir='ltr'><strong>nomina</strong></span> <span class='ocrx_word' id='word_1_26' title='bbox 391 491 501 535; x_wconf 89' lang='lat' dir='ltr'><strong>earum</strong></span> <span class='ocrx_word' id='word_1_27' title='bbox 511 469 689 552; x_wconf 83' lang='lat' dir='ltr'><strong>civitatum,</strong></span> <span class='ocrx_word' id='word_1_28' title='bbox 699 491 834 553; x_wconf 87' lang='lat' dir='ltr'><strong>quarum</strong></span> <span class='ocrx_word' id='word_1_29' title='bbox 849 468 970 533; x_wconf 86' lang='lat' dir='ltr'><strong>auxilio</strong></span> <span class='ocrx_word' id='word_1_30' title='bbox 981 468 1098 533; x_wconf 80' lang='lat' dir='ltr'><strong>Persae</strong></span> <span class='ocrx_word' id='word_1_31' title='bbox 1112 474 1213 534; x_wconf 90' lang='lat' dir='ltr'><strong>erant</strong></span> <span class='ocrx_word' id='word_1_32' title='bbox 1222 470 1305 536; x_wconf 81' lang='lat' dir='ltr'><strong>victi</strong></span> 
     </span>
    </p>

    <p class='ocr_par' dir='ltr' id='par_1_4' title="bbox 99 556 1306 732">
     <span class='ocr_line' id='line_1_5' title="bbox 99 556 1306 641; baseline 0.001 -18"><span class='ocrx_word' id='word_1_33' title='bbox 99 575 114 623; x_wconf 93' lang='lat'>1</span> <span class='ocrx_word' id='word_1_34' title='bbox 222 556 265 625; x_wconf 91' lang='lat' dir='ltr'><strong>II.</strong></span> <span class='ocrx_word' id='word_1_35' title='bbox 287 557 368 623; x_wconf 91' lang='lat' dir='ltr'><strong>Post</strong></span> <span class='ocrx_word' id='word_1_36' title='bbox 390 558 424 623; x_wconf 88' lang='lat' dir='ltr'><strong>id</strong></span> <span class='ocrx_word' id='word_1_37' title='bbox 446 557 607 641; x_wconf 88' lang='lat' dir='ltr'><strong>proelium</strong></span> <span class='ocrx_word' id='word_1_38' title='bbox 626 557 762 623; x_wconf 87' lang='lat' dir='ltr'><strong>eundem</strong></span> <span class='ocrx_word' id='word_1_39' title='bbox 779 556 976 623; x_wconf 81' lang='lat' dir='ltr'><strong>Pausaniam</strong></span> <span class='ocrx_word' id='word_1_40' title='bbox 998 577 1072 622; x_wconf 92' lang='lat' dir='ltr'><strong>cum</strong></span> <span class='ocrx_word' id='word_1_41' title='bbox 1090 558 1198 623; x_wconf 85' lang='lat' dir='ltr'><strong>classe</strong></span> <span class='ocrx_word' id='word_1_42' title='bbox 1223 580 1306 624; x_wconf 90' lang='lat' dir='ltr'><strong>com-</strong></span> 
     </span>
     <span class='ocr_line' id='line_1_6' title="bbox 133 645 1305 732; baseline 0.003 -21"><span class='ocrx_word' id='word_1_43' title='bbox 133 646 223 712; x_wconf 89' lang='lat' dir='ltr'><strong>muni</strong></span> <span class='ocrx_word' id='word_1_44' title='bbox 242 645 388 732; x_wconf 78' lang='lat' dir='ltr'>Cyprum</span> <span class='ocrx_word' id='word_1_45' title='bbox 411 649 507 731; x_wconf 91' lang='lat' dir='ltr'><strong>atque</strong></span> <span class='ocrx_word' id='word_1_46' title='bbox 526 645 772 732; x_wconf 78' lang='lat' dir='ltr'>Hellespontum</span> <span class='ocrx_word' id='word_1_47' title='bbox 795 647 961 727; x_wconf 88' lang='lat' dir='ltr'><strong>miserunt,</strong></span> <span class='ocrx_word' id='word_1_48' title='bbox 983 650 1020 710; x_wconf 92' lang='lat' dir='ltr'><strong>ut</strong></span> <span class='ocrx_word' id='word_1_49' title='bbox 1038 667 1076 710; x_wconf 87' lang='lat' dir='ltr'><strong>ex</strong></span> <span class='ocrx_word' id='word_1_50' title='bbox 1099 647 1141 711; x_wconf 91' lang='lat' dir='ltr'><strong>iis</strong></span> <span class='ocrx_word' id='word_1_51' title='bbox 1163 648 1305 732; x_wconf 84' lang='lat' dir='ltr'><strong>regioni·</strong></span> 
     </span>
    </p>

    <p class='ocr_par' dir='ltr' id='par_1_5' title="bbox 98 733 1306 1266">
     <span class='ocr_line' id='line_1_7' title="bbox 98 733 1304 820; baseline 0.001 -19"><span class='ocrx_word' id='word_1_52' title='bbox 98 737 194 801; x_wconf 78' lang='lat' dir='ltr'><strong>rbus</strong></span> <span class='ocrx_word' id='word_1_53' title='bbox 222 736 435 801; x_wconf 89' lang='lat' dir='ltr'><strong>barbarorum</strong></span> <span class='ocrx_word' id='word_1_54' title='bbox 464 735 625 820; x_wconf 89' lang='lat' dir='ltr'><strong>praesidia</strong></span> <span class='ocrx_word' id='word_1_55' title='bbox 652 735 835 819; x_wconf 86' lang='lat' dir='ltr'><strong>depelleret.</strong></span> <span class='ocrx_word' id='word_1_56' title='bbox 879 733 955 799; x_wconf 89' lang='lat' dir='ltr'><strong>Pari</strong></span> <span class='ocrx_word' id='word_1_57' title='bbox 977 734 1132 800; x_wconf 86' lang='lat' dir='ltr'><strong>felicitate</strong></span> <span class='ocrx_word' id='word_1_58' title='bbox 1161 738 1207 816; x_wconf 86' lang='lat' dir='ltr'><strong>[a.</strong></span> <span class='ocrx_word' id='word_1_59' title='bbox 1227 737 1304 819; x_wconf 73' lang='lat'><strong>477]</strong></span> 
     </span>
     <span class='ocr_line' id='line_1_8' title="bbox 133 822 1306 910; baseline 0.002 -20"><span class='ocrx_word' id='word_1_60' title='bbox 133 826 225 890; x_wconf 90' lang='lat' dir='ltr'><strong>inea</strong></span> <span class='ocrx_word' id='word_1_61' title='bbox 247 846 282 889; x_wconf 90' lang='lat' dir='ltr'><strong>re</strong></span> <span class='ocrx_word' id='word_1_62' title='bbox 299 846 377 889; x_wconf 90' lang='lat' dir='ltr'><strong>usus</strong></span> <span class='ocrx_word' id='word_1_63' title='bbox 400 826 539 890; x_wconf 88' lang='lat' dir='ltr'><strong>maiores</strong></span> <span class='ocrx_word' id='word_1_64' title='bbox 558 828 710 908; x_wconf 88' lang='lat' dir='ltr'><strong>appetere</strong></span> <span class='ocrx_word' id='word_1_65' title='bbox 732 846 784 889; x_wconf 89' lang='lat' dir='ltr'><strong>res</strong></span> <span class='ocrx_word' id='word_1_66' title='bbox 803 824 919 907; x_wconf 90' lang='lat' dir='ltr'><strong>coepit.</strong></span> <span class='ocrx_word' id='word_1_67' title='bbox 946 823 1033 889; x_wconf 88' lang='lat' dir='ltr'><strong>Nam</strong></span> <span class='ocrx_word' id='word_1_68' title='bbox 1052 845 1124 889; x_wconf 89' lang='lat' dir='ltr'><strong>cum</strong></span> <span class='ocrx_word' id='word_1_69' title='bbox 1142 822 1306 910; x_wconf 83' lang='lat' dir='ltr'><strong>Byzantio</strong></span> 
     </span>
     <span class='ocr_line' id='line_1_9' title="bbox 134 912 1306 1000; baseline 0.003 -22"><span class='ocrx_word' id='word_1_70' title='bbox 134 917 319 1000; x_wconf 84' lang='lat' dir='ltr'><strong>expugnato</strong></span> <span class='ocrx_word' id='word_1_71' title='bbox 348 914 487 998; x_wconf 79' lang='lat' dir='ltr'><strong>cepisset</strong></span> <span class='ocrx_word' id='word_1_72' title='bbox 514 914 695 998; x_wconf 82' lang='lat' dir='ltr'><strong>complures</strong></span> <span class='ocrx_word' id='word_1_73' title='bbox 722 912 895 977; x_wconf 80' lang='lat' dir='ltr'><strong>Persarum</strong></span> <span class='ocrx_word' id='word_1_74' title='bbox 921 913 1048 978; x_wconf 89' lang='lat' dir='ltr'><strong>nobiles</strong></span> <span class='ocrx_word' id='word_1_75' title='bbox 1076 916 1173 998; x_wconf 88' lang='lat' dir='ltr'><strong>atque</strong></span> <span class='ocrx_word' id='word_1_76' title='bbox 1204 915 1241 980; x_wconf 89' lang='lat' dir='ltr'><strong>iu</strong></span> <span class='ocrx_word' id='word_1_77' title='bbox 1267 915 1306 980; x_wconf 88' lang='lat' dir='ltr'><strong>iis</strong></span> 
     </span>
     <span class='ocr_line' id='line_1_10' title="bbox 133 1000 1306 1087; baseline 0.003 -21"><span class='ocrx_word' id='word_1_78' title='bbox 133 1003 308 1068; x_wconf 88' lang='lat' dir='ltr'><strong>nonnullos</strong></span> <span class='ocrx_word' id='word_1_79' title='bbox 330 1004 417 1087; x_wconf 82' lang='lat' dir='ltr'><strong>regis</strong></span> <span class='ocrx_word' id='word_1_80' title='bbox 440 1004 650 1087; x_wconf 90' lang='lat' dir='ltr'><strong>propinquos,</strong></span> <span class='ocrx_word' id='word_1_81' title='bbox 671 1002 733 1067; x_wconf 88' lang='lat' dir='ltr'><strong>hos</strong></span> <span class='ocrx_word' id='word_1_82' title='bbox 758 1001 842 1067; x_wconf 90' lang='lat' dir='ltr'><strong>clam</strong></span> <span class='ocrx_word' id='word_1_83' title='bbox 864 1000 965 1066; x_wconf 85' lang='lat' dir='ltr'><strong>Xerxi</strong></span> <span class='ocrx_word' id='word_1_84' title='bbox 988 1001 1122 1086; x_wconf 78' lang='lat' dir='ltr'><strong>remisit,</strong></span> <span class='ocrx_word' id='word_1_85' title='bbox 1145 1002 1306 1069; x_wconf 86' lang='lat' dir='ltr'><strong>simulans</strong></span> 
     </span>
     <span class='ocr_line' id='line_1_11' title="bbox 134 1088 1306 1177; baseline 0.002 -20"><span class='ocrx_word' id='word_1_86' title='bbox 134 1114 173 1157; x_wconf 86' lang='lat' dir='ltr'><strong>ex</strong></span> <span class='ocrx_word' id='word_1_87' title='bbox 186 1092 324 1157; x_wconf 86' lang='lat' dir='ltr'><strong>vinculis</strong></span> <span class='ocrx_word' id='word_1_88' title='bbox 342 1091 482 1175; x_wconf 85' lang='lat' dir='ltr'><strong>publicis</strong></span> <span class='ocrx_word' id='word_1_89' title='bbox 497 1090 658 1174; x_wconf 80' lang='lat' dir='ltr'><strong>effugisse,</strong></span> <span class='ocrx_word' id='word_1_90' title='bbox 676 1094 709 1155; x_wconf 93' lang='lat' dir='ltr'><strong>et</strong></span> <span class='ocrx_word' id='word_1_91' title='bbox 727 1112 800 1155; x_wconf 91' lang='lat' dir='ltr'><strong>cum</strong></span> <span class='ocrx_word' id='word_1_92' title='bbox 818 1090 858 1154; x_wconf 91' lang='lat' dir='ltr'><strong>iis</strong></span> <span class='ocrx_word' id='word_1_93' title='bbox 875 1088 1059 1174; x_wconf 83' lang='lat' dir='ltr'><strong>Gongylum</strong></span> <span class='ocrx_word' id='word_1_94' title='bbox 1073 1089 1306 1177; x_wconf 83' lang='lat' dir='ltr'><strong>Eretriensem,</strong></span> 
     </span>
     <span class='ocr_line' id='line_1_12' title="bbox 134 1178 1306 1266; baseline 0 -20"><span class='ocrx_word' id='word_1_95' title='bbox 134 1181 189 1265; x_wconf 89' lang='lat' dir='ltr'><strong>qui</strong></span> <span class='ocrx_word' id='word_1_96' title='bbox 212 1182 338 1246; x_wconf 88' lang='lat' dir='ltr'><strong>litteras</strong></span> <span class='ocrx_word' id='word_1_97' title='bbox 356 1181 427 1264; x_wconf 83' lang='lat' dir='ltr'><strong>regi</strong></span> <span class='ocrx_word' id='word_1_98' title='bbox 448 1178 604 1262; x_wconf 88' lang='lat' dir='ltr'><strong>redderet,</strong></span> <span class='ocrx_word' id='word_1_99' title='bbox 626 1178 661 1242; x_wconf 93' lang='lat' dir='ltr'><strong>in</strong></span> <span class='ocrx_word' id='word_1_100' title='bbox 680 1179 796 1264; x_wconf 90' lang='lat' dir='ltr'><strong>quibus</strong></span> <span class='ocrx_word' id='word_1_101' title='bbox 815 1179 896 1244; x_wconf 89' lang='lat' dir='ltr'><strong>haec</strong></span> <span class='ocrx_word' id='word_1_102' title='bbox 914 1179 1016 1244; x_wconf 87' lang='lat' dir='ltr'><strong>fuisse</strong></span> <span class='ocrx_word' id='word_1_103' title='bbox 1038 1179 1161 1263; x_wconf 84' lang='lat' dir='ltr'><strong>scripta</strong></span> <span class='ocrx_word' id='word_1_104' title='bbox 1179 1179 1306 1266; x_wconf 81' lang='lat' dir='ltr'><strong>Thucy·</strong></span> 
     </span>
    </p>

    <p class='ocr_par' dir='ltr' id='par_1_6' title="bbox 98 1265 1306 1532">
     <span class='ocr_line' id='line_1_13' title="bbox 98 1265 1305 1353; baseline 0.001 -19"><span class='ocrx_word' id='word_1_105' title='bbox 98 1285 114 1334; x_wconf 83' lang='lat'><strong>3</strong></span> <span class='ocrx_word' id='word_1_106' title='bbox 135 1270 224 1334; x_wconf 84' lang='lat' dir='ltr'><strong>didas</strong></span> <span class='ocrx_word' id='word_1_107' title='bbox 239 1270 415 1334; x_wconf 90' lang='lat' dir='ltr'><strong>memoriae</strong></span> <span class='ocrx_word' id='word_1_108' title='bbox 429 1267 584 1351; x_wconf 87' lang='lat' dir='ltr'><strong>prodidit:</strong></span> <span class='ocrx_word' id='word_1_109' title='bbox 599 1265 800 1350; x_wconf 73' lang='lat' dir='ltr'><strong>Pausanias,</strong></span> <span class='ocrx_word' id='word_1_110' title='bbox 815 1267 879 1332; x_wconf 84' lang='lat' dir='ltr'><strong>dux</strong></span> <span class='ocrx_word' id='word_1_111' title='bbox 894 1266 1040 1352; x_wconf 85' lang='lat' dir='ltr'><strong>Spartae,</strong></span> <span class='ocrx_word' id='word_1_112' title='bbox 1054 1289 1135 1352; x_wconf 88' lang='lat' dir='ltr'><strong>quos</strong></span> <span class='ocrx_word' id='word_1_113' title='bbox 1149 1267 1305 1353; x_wconf 83' lang='lat' dir='ltr'><strong>Byzantii</strong></span> 
     </span>
     <span class='ocr_line' id='line_1_14' title="bbox 133 1356 1306 1443; baseline 0.003 -22"><span class='ocrx_word' id='word_1_114' title='bbox 133 1362 271 1443; x_wconf 89' lang='lat' dir='ltr'><strong>ceperat,</strong></span> <span class='ocrx_word' id='word_1_115' title='bbox 293 1360 467 1441; x_wconf 77' lang='lat' dir='ltr'><strong>postquam</strong></span> <span class='ocrx_word' id='word_1_116' title='bbox 489 1356 691 1441; x_wconf 90' lang='lat' dir='ltr'><strong>propinquos</strong></span> <span class='ocrx_word' id='word_1_117' title='bbox 708 1360 783 1422; x_wconf 91' lang='lat' dir='ltr'><strong>tuos</strong></span> <span class='ocrx_word' id='word_1_118' title='bbox 803 1358 966 1440; x_wconf 83' lang='lat' dir='ltr'><strong>cognovit,</strong></span> <span class='ocrx_word' id='word_1_119' title='bbox 987 1357 1049 1422; x_wconf 90' lang='lat' dir='ltr'><strong>tibi</strong></span> <span class='ocrx_word' id='word_1_120' title='bbox 1067 1358 1199 1422; x_wconf 89' lang='lat' dir='ltr'><strong>muneri</strong></span> <span class='ocrx_word' id='word_1_121' title='bbox 1218 1359 1306 1424; x_wconf 90' lang='lat' dir='ltr'><strong>misit</strong></span> 
     </span>
     <span class='ocr_line' id='line_1_15' title="bbox 133 1444 1305 1532; baseline 0.002 -22"><span class='ocrx_word' id='word_1_122' title='bbox 133 1467 230 1530; x_wconf 87' lang='lat' dir='ltr'><strong>seque</strong></span> <span class='ocrx_word' id='word_1_123' title='bbox 258 1449 367 1510; x_wconf 90' lang='lat' dir='ltr'><strong>tecum</strong></span> <span class='ocrx_word' id='word_1_124' title='bbox 390 1444 557 1510; x_wconf 88' lang='lat' dir='ltr'><strong>adfinitate</strong></span> <span class='ocrx_word' id='word_1_125' title='bbox 585 1445 738 1530; x_wconf 81' lang='lat' dir='ltr'><strong>coniungi</strong></span> <span class='ocrx_word' id='word_1_126' title='bbox 766 1446 868 1528; x_wconf 90' lang='lat' dir='ltr'><strong>cupit:</strong></span> <span class='ocrx_word' id='word_1_127' title='bbox 892 1467 1005 1530; x_wconf 91' lang='lat' dir='ltr'><strong>quare,</strong></span> <span class='ocrx_word' id='word_1_128' title='bbox 1029 1447 1057 1510; x_wconf 89' lang='lat' dir='ltr'><strong>si</strong></span> <span class='ocrx_word' id='word_1_129' title='bbox 1078 1446 1142 1510; x_wconf 92' lang='lat' dir='ltr'><strong>tibi</strong></span> <span class='ocrx_word' id='word_1_130' title='bbox 1169 1445 1305 1532; x_wconf 82' lang='lat' dir='ltr'><strong>videtur,</strong></span> 
     </span>
    </p>

    <p class='ocr_par' dir='ltr' id='par_1_7' title="bbox 97 1533 1303 1798">
     <span class='ocr_line' id='line_1_16' title="bbox 97 1533 1303 1618; baseline 0.001 -19"><span class='ocrx_word' id='word_1_131' title='bbox 97 1533 189 1599; x_wconf 72' lang='lat' dir='ltr'><strong>ades</strong></span> <span class='ocrx_word' id='word_1_132' title='bbox 222 1534 253 1600; x_wconf 87' lang='lat' dir='ltr'><strong>ei</strong></span> <span class='ocrx_word' id='word_1_133' title='bbox 282 1533 385 1599; x_wconf 85' lang='lat' dir='ltr'><strong>filiam</strong></span> <span class='ocrx_word' id='word_1_134' title='bbox 420 1537 511 1599; x_wconf 85' lang='lat' dir='ltr'><strong>tuam</strong></span> <span class='ocrx_word' id='word_1_135' title='bbox 541 1537 687 1618; x_wconf 90' lang='lat' dir='ltr'><strong>nuptum.</strong></span> <span class='ocrx_word' id='word_1_136' title='bbox 733 1533 770 1598; x_wconf 94' lang='lat' dir='ltr'><strong>Id</strong></span> <span class='ocrx_word' id='word_1_137' title='bbox 803 1535 831 1598; x_wconf 90' lang='lat' dir='ltr'><strong>si</strong></span> <span class='ocrx_word' id='word_1_138' title='bbox 862 1534 989 1617; x_wconf 89' lang='lat' dir='ltr'><strong>feceris,</strong></span> <span class='ocrx_word' id='word_1_139' title='bbox 1022 1539 1054 1599; x_wconf 91' lang='lat' dir='ltr'><strong>et</strong></span> <span class='ocrx_word' id='word_1_140' title='bbox 1086 1533 1245 1617; x_wconf 81' lang='lat' dir='ltr'><strong>Spartam</strong></span> <span class='ocrx_word' id='word_1_141' title='bbox 1274 1541 1303 1600; x_wconf 92' lang='lat' dir='ltr'><strong>et</strong></span> 
     </span>
     <span class='ocr_line' id='line_1_17' title="bbox 132 1622 1302 1706; baseline 0.001 -17"><span class='ocrx_word' id='word_1_142' title='bbox 132 1629 272 1689; x_wconf 88' lang='lat' dir='ltr'><strong>ceteram</strong></span> <span class='ocrx_word' id='word_1_143' title='bbox 291 1622 460 1689; x_wconf 81' lang='lat' dir='ltr'><strong>Graeciam</strong></span> <span class='ocrx_word' id='word_1_144' title='bbox 484 1623 544 1687; x_wconf 89' lang='lat' dir='ltr'><strong>sub</strong></span> <span class='ocrx_word' id='word_1_145' title='bbox 563 1626 654 1688; x_wconf 91' lang='lat' dir='ltr'><strong>tuam</strong></span> <span class='ocrx_word' id='word_1_146' title='bbox 673 1645 707 1687; x_wconf 89' lang='lat' dir='ltr'><strong>se</strong></span> <span class='ocrx_word' id='word_1_147' title='bbox 725 1625 920 1706; x_wconf 91' lang='lat' dir='ltr'><strong>potestatem</strong></span> <span class='ocrx_word' id='word_1_148' title='bbox 944 1623 1115 1688; x_wconf 85' lang='lat' dir='ltr'><strong>adiuvante</strong></span> <span class='ocrx_word' id='word_1_149' title='bbox 1137 1626 1170 1688; x_wconf 92' lang='lat' dir='ltr'><strong>te</strong></span> <span class='ocrx_word' id='word_1_150' title='bbox 1194 1625 1302 1690; x_wconf 87' lang='lat' dir='ltr'><strong>redac-</strong></span> 
     </span>
     <span class='ocr_line' id='line_1_18' title="bbox 131 1711 1299 1798; baseline 0.002 -21"><span class='ocrx_word' id='word_1_151' title='bbox 131 1716 238 1778; x_wconf 87' lang='lat' dir='ltr'><strong>turum</strong></span> <span class='ocrx_word' id='word_1_152' title='bbox 265 1713 445 1798; x_wconf 91' lang='lat' dir='ltr'><strong>pollicetur.</strong></span> <span class='ocrx_word' id='word_1_153' title='bbox 486 1713 548 1777; x_wconf 91' lang='lat' dir='ltr'><strong>His</strong></span> <span class='ocrx_word' id='word_1_154' title='bbox 572 1712 611 1777; x_wconf 90' lang='lat' dir='ltr'><strong>de</strong></span> <span class='ocrx_word' id='word_1_155' title='bbox 637 1713 734 1777; x_wconf 87' lang='lat' dir='ltr'><strong>rebus</strong></span> <span class='ocrx_word' id='word_1_156' title='bbox 758 1713 787 1777; x_wconf 91' lang='lat' dir='ltr'><strong>si</strong></span> <span class='ocrx_word' id='word_1_157' title='bbox 806 1713 883 1796; x_wconf 91' lang='lat' dir='ltr'><strong>quid</strong></span> <span class='ocrx_word' id='word_1_158' title='bbox 906 1713 976 1796; x_wconf 83' lang='lat' dir='ltr'><strong>geri</strong></span> <span class='ocrx_word' id='word_1_159' title='bbox 996 1711 1151 1796; x_wconf 85' lang='lat' dir='ltr'><strong>volueris,</strong></span> <span class='ocrx_word' id='word_1_160' title='bbox 1176 1718 1299 1778; x_wconf 88' lang='lat' dir='ltr'><strong>certum</strong></span> 
     </span>
    </p>

    <p class='ocr_par' dir='ltr' id='par_1_8' title="bbox 98 1799 1304 2242">
     <span class='ocr_line' id='line_1_19' title="bbox 98 1799 1301 1886; baseline 0 -18"><span class='ocrx_word' id='word_1_161' title='bbox 98 1803 297 1869; x_wconf 76' lang='lat' dir='ltr'><strong>thominem</strong></span> <span class='ocrx_word' id='word_1_162' title='bbox 321 1803 362 1866; x_wconf 88' lang='lat' dir='ltr'><strong>ad</strong></span> <span class='ocrx_word' id='word_1_163' title='bbox 386 1824 459 1867; x_wconf 89' lang='lat' dir='ltr'><strong>eum</strong></span> <span class='ocrx_word' id='word_1_164' title='bbox 480 1801 532 1866; x_wconf 87' lang='lat' dir='ltr'><strong>fac</strong></span> <span class='ocrx_word' id='word_1_165' title='bbox 556 1801 678 1880; x_wconf 87' lang='lat' dir='ltr'><strong>mittas,</strong></span> <span class='ocrx_word' id='word_1_166' title='bbox 700 1822 774 1866; x_wconf 89' lang='lat' dir='ltr'><strong>cum</strong></span> <span class='ocrx_word' id='word_1_167' title='bbox 798 1822 861 1886; x_wconf 92' lang='lat' dir='ltr'><strong>quo</strong></span> <span class='ocrx_word' id='word_1_168' title='bbox 890 1799 1112 1886; x_wconf 88' lang='lat' dir='ltr'><strong>colloquatur&#39;.</strong></span> <span class='ocrx_word' id='word_1_169' title='bbox 1158 1801 1232 1867; x_wconf 86' lang='lat' dir='ltr'><strong>Rex</strong></span> <span class='ocrx_word' id='word_1_170' title='bbox 1253 1805 1301 1868; x_wconf 90' lang='lat' dir='ltr'><strong>tot</strong></span> 
     </span>
     <span class='ocr_line' id='line_1_20' title="bbox 133 1889 1301 1976; baseline 0.002 -22"><span class='ocrx_word' id='word_1_171' title='bbox 133 1890 302 1956; x_wconf 90' lang='lat' dir='ltr'><strong>hominum</strong></span> <span class='ocrx_word' id='word_1_172' title='bbox 326 1891 430 1955; x_wconf 91' lang='lat' dir='ltr'><strong>salute</strong></span> <span class='ocrx_word' id='word_1_173' title='bbox 449 1894 518 1955; x_wconf 91' lang='lat' dir='ltr'><strong>tam</strong></span> <span class='ocrx_word' id='word_1_174' title='bbox 542 1889 607 1954; x_wconf 90' lang='lat' dir='ltr'><strong>sibi</strong></span> <span class='ocrx_word' id='word_1_175' title='bbox 625 1890 879 1954; x_wconf 88' lang='lat' dir='ltr'><strong>necessariorum</strong></span> <span class='ocrx_word' id='word_1_176' title='bbox 903 1910 1021 1974; x_wconf 82' lang='lat' dir='ltr'><strong>magno</strong></span> <span class='ocrx_word' id='word_1_177' title='bbox 1046 1910 1142 1973; x_wconf 90' lang='lat' dir='ltr'><strong>opere</strong></span> <span class='ocrx_word' id='word_1_178' title='bbox 1168 1890 1301 1976; x_wconf 78' lang='lat' dir='ltr'><strong>gavisus</strong></span> 
     </span>
     <span class='ocr_line' id='line_1_21' title="bbox 134 1975 1302 2065; baseline 0 -21"><span class='ocrx_word' id='word_1_179' title='bbox 134 1978 306 2044; x_wconf 87' lang='lat' dir='ltr'><strong>confestim</strong></span> <span class='ocrx_word' id='word_1_180' title='bbox 329 1999 403 2043; x_wconf 91' lang='lat' dir='ltr'><strong>cum</strong></span> <span class='ocrx_word' id='word_1_181' title='bbox 425 1978 568 2060; x_wconf 86' lang='lat' dir='ltr'><strong>epistula</strong></span> <span class='ocrx_word' id='word_1_182' title='bbox 590 1977 789 2042; x_wconf 82' lang='lat' dir='ltr'><strong>Artabazum</strong></span> <span class='ocrx_word' id='word_1_183' title='bbox 812 1978 852 2042; x_wconf 84' lang='lat' dir='ltr'><strong>ad</strong></span> <span class='ocrx_word' id='word_1_184' title='bbox 875 1975 1104 2064; x_wconf 58' lang='lat' dir='ltr'><strong>Pausaniam)</strong></span> <span class='ocrx_word' id='word_1_185' title='bbox 1129 1980 1247 2065; x_wconf 91' lang='lat' dir='ltr'><strong>mittit,</strong></span> <span class='ocrx_word' id='word_1_186' title='bbox 1270 1980 1302 2044; x_wconf 90' lang='lat' dir='ltr'><strong>in</strong></span> 
     </span>
     <span class='ocr_line' id='line_1_22' title="bbox 134 2066 1302 2153; baseline 0.003 -23"><span class='ocrx_word' id='word_1_187' title='bbox 134 2087 294 2152; x_wconf 87' lang='lat' dir='ltr'><strong>quaeum</strong></span> <span class='ocrx_word' id='word_1_188' title='bbox 321 2066 498 2131; x_wconf 88' lang='lat' dir='ltr'><strong>collaudat:</strong></span> <span class='ocrx_word' id='word_1_189' title='bbox 525 2088 568 2131; x_wconf 90' lang='lat' dir='ltr'><strong>ne</strong></span> <span class='ocrx_word' id='word_1_190' title='bbox 595 2067 647 2130; x_wconf 89' lang='lat' dir='ltr'><strong>oui</strong></span> <span class='ocrx_word' id='word_1_191' title='bbox 669 2067 716 2130; x_wconf 90' lang='lat' dir='ltr'><strong>rei</strong></span> <span class='ocrx_word' id='word_1_192' title='bbox 743 2069 857 2150; x_wconf 87' lang='lat' dir='ltr'><strong>parcat</strong></span> <span class='ocrx_word' id='word_1_193' title='bbox 880 2067 921 2131; x_wconf 89' lang='lat' dir='ltr'><strong>ad</strong></span> <span class='ocrx_word' id='word_1_194' title='bbox 949 2089 987 2132; x_wconf 90' lang='lat' dir='ltr'><strong>ea</strong></span> <span class='ocrx_word' id='word_1_195' title='bbox 1010 2067 1191 2153; x_wconf 87' lang='lat' dir='ltr'><strong>efficienda,</strong></span> <span class='ocrx_word' id='word_1_196' title='bbox 1221 2089 1302 2152; x_wconf 88' lang='lat' dir='ltr'><strong>quae</strong></span> 
     </span>
     <span class='ocr_line' id='line_1_23' title="bbox 133 2152 1304 2242; baseline 0 -21"><span class='ocrx_word' id='word_1_197' title='bbox 133 2156 338 2242; x_wconf 88' lang='lat' dir='ltr'><strong>polliceatur:</strong></span> <span class='ocrx_word' id='word_1_198' title='bbox 358 2157 386 2219; x_wconf 86' lang='lat' dir='ltr'><strong>si</strong></span> <span class='ocrx_word' id='word_1_199' title='bbox 404 2152 558 2240; x_wconf 73' lang='lat' dir='ltr'><strong>fecerit4),</strong></span> <span class='ocrx_word' id='word_1_200' title='bbox 576 2154 696 2219; x_wconf 88' lang='lat' dir='ltr'><strong>nullius</strong></span> <span class='ocrx_word' id='word_1_201' title='bbox 715 2156 762 2219; x_wconf 93' lang='lat' dir='ltr'><strong>rei</strong></span> <span class='ocrx_word' id='word_1_202' title='bbox 781 2177 800 2220; x_wconf 97' lang='lat' dir='ltr'><strong>a</strong></span> <span class='ocrx_word' id='word_1_203' title='bbox 819 2175 853 2220; x_wconf 86' lang='lat' dir='ltr'><strong>se</strong></span> <span class='ocrx_word' id='word_1_204' title='bbox 867 2157 1030 2240; x_wconf 88' lang='lat' dir='ltr'><strong>repulsam</strong></span> <span class='ocrx_word' id='word_1_205' title='bbox 1048 2157 1198 2221; x_wconf 85' lang='lat' dir='ltr'><strong>laturum.</strong></span> <span class='ocrx_word' id='word_1_206' title='bbox 1220 2156 1304 2221; x_wconf 91' lang='lat' dir='ltr'><strong>Pau-</strong></span> 
     </span>
    </p>

    <p class='ocr_par' dir='ltr' id='par_1_9' title="bbox 99 2243 1348 2754">
     <span class='ocr_line' id='line_1_24' title="bbox 99 2243 1348 2330; baseline -0.002 -18"><span class='ocrx_word' id='word_1_207' title='bbox 99 2263 114 2312; x_wconf 82' lang='grc'><strong>6</strong></span> <span class='ocrx_word' id='word_1_208' title='bbox 134 2245 242 2311; x_wconf 89' lang='lat' dir='ltr'><strong>sanias</strong></span> <span class='ocrx_word' id='word_1_209' title='bbox 261 2243 394 2329; x_wconf 82' lang='lat' dir='ltr'><strong>cognita</strong></span> <span class='ocrx_word' id='word_1_210' title='bbox 411 2244 498 2329; x_wconf 83' lang='lat' dir='ltr'><strong>regis</strong></span> <span class='ocrx_word' id='word_1_211' title='bbox 518 2245 686 2310; x_wconf 88' lang='lat' dir='ltr'><strong>voluntate</strong></span> <span class='ocrx_word' id='word_1_212' title='bbox 706 2243 842 2309; x_wconf 88' lang='lat' dir='ltr'><strong>alacrior</strong></span> <span class='ocrx_word' id='word_1_213' title='bbox 861 2245 988 2310; x_wconf 89' lang='lat' dir='ltr'><strong>adrem</strong></span> <span class='ocrx_word' id='word_1_214' title='bbox 1006 2245 1179 2330; x_wconf 86' lang='lat' dir='ltr'><strong>gerendam</strong></span> <span class='ocrx_word' id='word_1_215' title='bbox 1196 2244 1303 2310; x_wconf 81' lang='lat' dir='ltr'><strong>factus</strong></span> <span class='ocrx_word' id='word_1_216' title='bbox 1346 2294 1348 2299; x_wconf 84' lang='lat'>-</span> 
     </span>
     <span class='ocr_line' id='line_1_25' title="bbox 133 2332 1302 2418; baseline -0.001 -18"><span class='ocrx_word' id='word_1_217' title='bbox 133 2336 168 2400; x_wconf 90' lang='lat' dir='ltr'><strong>in</strong></span> <span class='ocrx_word' id='word_1_218' title='bbox 196 2333 412 2418; x_wconf 89' lang='lat' dir='ltr'><strong>suspicionem</strong></span> <span class='ocrx_word' id='word_1_219' title='bbox 440 2332 557 2399; x_wconf 88' lang='lat' dir='ltr'><strong>cecidit</strong></span> <span class='ocrx_word' id='word_1_220' title='bbox 583 2332 918 2398; x_wconf 89' lang='lat' dir='ltr'><strong>Lacedaemoniorum.</strong></span> <span class='ocrx_word' id='word_1_221' title='bbox 964 2333 1148 2400; x_wconf 82' lang='lat' dir='ltr'><strong>Accedebat</strong></span> <span class='ocrx_word' id='word_1_222' title='bbox 1181 2333 1302 2418; x_wconf 91' lang='lat' dir='ltr'><strong>eodem,</strong></span> 
     </span>
     <span class='ocr_line' id='line_1_26' title="bbox 132 2421 1302 2509; baseline -0.002 -20"><span class='ocrx_word' id='word_1_223' title='bbox 132 2427 169 2489; x_wconf 89' lang='lat' dir='ltr'><strong>ut</strong></span> <span class='ocrx_word' id='word_1_224' title='bbox 192 2425 308 2488; x_wconf 91' lang='lat' dir='ltr'><strong>elatius</strong></span> <span class='ocrx_word' id='word_1_225' title='bbox 333 2444 368 2489; x_wconf 90' lang='lat' dir='ltr'><strong>se</strong></span> <span class='ocrx_word' id='word_1_226' title='bbox 391 2444 507 2509; x_wconf 82' lang='lat' dir='ltr'><strong>gerens</strong></span> <span class='ocrx_word' id='word_1_227' title='bbox 527 2421 650 2487; x_wconf 90' lang='lat' dir='ltr'><strong>aditum</strong></span> <span class='ocrx_word' id='word_1_228' title='bbox 672 2422 858 2506; x_wconf 90' lang='lat' dir='ltr'><strong>petentibus</strong></span> <span class='ocrx_word' id='word_1_229' title='bbox 878 2423 1091 2487; x_wconf 87' lang='lat' dir='ltr'><strong>conveniundi</strong></span> <span class='ocrx_word' id='word_1_230' title='bbox 1113 2445 1180 2488; x_wconf 89' lang='lat' dir='ltr'><strong>non</strong></span> <span class='ocrx_word' id='word_1_231' title='bbox 1205 2423 1302 2506; x_wconf 88' lang='lat' dir='ltr'><strong>daret,</strong></span> 
     </span>
     <span class='ocr_line' id='line_1_27' title="bbox 133 2511 1302 2597; baseline 0 -20"><span class='ocrx_word' id='word_1_232' title='bbox 133 2512 270 2597; x_wconf 90' lang='lat' dir='ltr'><strong>superbe</strong></span> <span class='ocrx_word' id='word_1_233' title='bbox 292 2512 514 2596; x_wconf 87' lang='lat' dir='ltr'><strong>responderet,</strong></span> <span class='ocrx_word' id='word_1_234' title='bbox 538 2512 711 2578; x_wconf 85' lang='lat' dir='ltr'><strong>crudeliter</strong></span> <span class='ocrx_word' id='word_1_235' title='bbox 732 2513 915 2595; x_wconf 89' lang='lat' dir='ltr'><strong>imperaret.</strong></span> <span class='ocrx_word' id='word_1_236' title='bbox 961 2511 1103 2576; x_wconf 91' lang='lat' dir='ltr'><strong>Domum</strong></span> <span class='ocrx_word' id='word_1_237' title='bbox 1124 2516 1302 2593; x_wconf 82' lang='lat' dir='ltr'><strong>revocatur,</strong></span> 
     </span>
     <span class='ocr_line' id='line_1_28' title="bbox 134 2600 1344 2687; baseline 0 -22"><span class='ocrx_word' id='word_1_238' title='bbox 134 2604 302 2665; x_wconf 79' lang='lat' dir='ltr'><strong>accusatus</strong></span> <span class='ocrx_word' id='word_1_239' title='bbox 327 2601 444 2684; x_wconf 88' lang='lat' dir='ltr'><strong>capitis</strong></span> <span class='ocrx_word' id='word_1_240' title='bbox 464 2600 654 2683; x_wconf 86' lang='lat' dir='ltr'><strong>absolvitur,</strong></span> <span class='ocrx_word' id='word_1_241' title='bbox 677 2601 834 2665; x_wconf 90' lang='lat' dir='ltr'><strong>multatur</strong></span> <span class='ocrx_word' id='word_1_242' title='bbox 851 2604 960 2665; x_wconf 90' lang='lat' dir='ltr'><strong>tamen</strong></span> <span class='ocrx_word' id='word_1_243' title='bbox 983 2601 1119 2684; x_wconf 87' lang='lat' dir='ltr'><strong>pecunia</strong></span> <span class='ocrx_word' id='word_1_244' title='bbox 1137 2622 1243 2686; x_wconf 90' lang='lat' dir='ltr'><strong>neque</strong></span> <span class='ocrx_word' id='word_1_245' title='bbox 1262 2600 1300 2665; x_wconf 90' lang='lat' dir='ltr'><strong>ad</strong></span> <span class='ocrx_word' id='word_1_246' title='bbox 1342 2682 1344 2687; x_wconf 21' lang='grc' dir='ltr'>Ι</span> 
     </span>
     <span class='ocr_line' id='line_1_29' title="bbox 133 2689 529 2754; baseline -0.003 -1"><span class='ocrx_word' id='word_1_247' title='bbox 133 2689 270 2754; x_wconf 88' lang='lat' dir='ltr'><strong>classem</strong></span> <span class='ocrx_word' id='word_1_248' title='bbox 293 2694 343 2753; x_wconf 91' lang='lat' dir='ltr'><strong>est</strong></span> <span class='ocrx_word' id='word_1_249' title='bbox 364 2689 529 2753; x_wconf 89' lang='lat' dir='ltr'><strong>remissus.</strong></span> 
     </span>
    </p>

    <p class='ocr_par' dir='ltr' id='par_1_10' title="bbox 98 2775 1302 3040">
     <span class='ocr_line' id='line_1_30' title="bbox 98 2775 1302 2860; baseline -0.001 -17"><span class='ocrx_word' id='word_1_250' title='bbox 98 2795 113 2843; x_wconf 93' lang='lat'>1</span> <span class='ocrx_word' id='word_1_251' title='bbox 220 2776 278 2842; x_wconf 86' lang='lat' dir='ltr'><strong>HL</strong></span> <span class='ocrx_word' id='word_1_252' title='bbox 301 2776 347 2841; x_wconf 94' lang='lat' dir='ltr'><strong>At</strong></span> <span class='ocrx_word' id='word_1_253' title='bbox 368 2776 424 2840; x_wconf 92' lang='lat' dir='ltr'><strong>ille</strong></span> <span class='ocrx_word' id='word_1_254' title='bbox 447 2778 524 2859; x_wconf 88' lang='lat' dir='ltr'><strong>post</strong></span> <span class='ocrx_word' id='word_1_255' title='bbox 545 2797 611 2840; x_wconf 92' lang='lat' dir='ltr'><strong>non</strong></span> <span class='ocrx_word' id='word_1_256' title='bbox 634 2776 739 2842; x_wconf 91' lang='lat' dir='ltr'><strong>multo</strong></span> <span class='ocrx_word' id='word_1_257' title='bbox 763 2799 822 2841; x_wconf 90' lang='lat' dir='ltr'><strong>sua</strong></span> <span class='ocrx_word' id='word_1_258' title='bbox 845 2779 960 2860; x_wconf 89' lang='lat' dir='ltr'><strong>sponte</strong></span> <span class='ocrx_word' id='word_1_259' title='bbox 983 2778 1130 2860; x_wconf 86' lang='lat' dir='ltr'><strong>privatus</strong></span> <span class='ocrx_word' id='word_1_260' title='bbox 1154 2775 1196 2842; x_wconf 88' lang='lat' dir='ltr'><strong>ad</strong></span> <span class='ocrx_word' id='word_1_261' title='bbox 1216 2799 1302 2842; x_wconf 84' lang='lat' dir='ltr'><strong>exer·</strong></span> 
     </span>
     <span class='ocr_line' id='line_1_31' title="bbox 133 2863 1302 2950; baseline 0 -20"><span class='ocrx_word' id='word_1_262' title='bbox 133 2865 232 2930; x_wconf 91' lang='lat' dir='ltr'><strong>citum</strong></span> <span class='ocrx_word' id='word_1_263' title='bbox 255 2865 353 2930; x_wconf 90' lang='lat' dir='ltr'><strong>rediit</strong></span> <span class='ocrx_word' id='word_1_264' title='bbox 375 2869 409 2929; x_wconf 92' lang='lat' dir='ltr'><strong>et</strong></span> <span class='ocrx_word' id='word_1_265' title='bbox 430 2864 478 2930; x_wconf 93' lang='lat' dir='ltr'><strong>ibi</strong></span> <span class='ocrx_word' id='word_1_266' title='bbox 495 2885 563 2929; x_wconf 90' lang='lat' dir='ltr'><strong>non</strong></span> <span class='ocrx_word' id='word_1_267' title='bbox 586 2864 704 2930; x_wconf 88' lang='lat' dir='ltr'><strong>callida</strong></span> <span class='ocrx_word' id='word_1_268' title='bbox 712 2863 748 2949; x_wconf 79' lang='lat'><strong>⁶),</strong></span> <span class='ocrx_word' id='word_1_269' title='bbox 772 2865 828 2930; x_wconf 88' lang='lat' dir='ltr'><strong>sed</strong></span> <span class='ocrx_word' id='word_1_270' title='bbox 847 2865 987 2931; x_wconf 91' lang='lat' dir='ltr'><strong>dementi</strong></span> <span class='ocrx_word' id='word_1_271' title='bbox 1009 2866 1137 2932; x_wconf 90' lang='lat' dir='ltr'><strong>ratione</strong></span> <span class='ocrx_word' id='word_1_272' title='bbox 1156 2867 1302 2950; x_wconf 80' lang='lat' dir='ltr'><strong>cogitata</strong></span> 
     </span>
     <span class='ocr_line' id='line_1_32' title="bbox 132 2953 1302 3040; baseline -0.001 -20"><span class='ocrx_word' id='word_1_273' title='bbox 132 2954 300 3039; x_wconf 89' lang='lat' dir='ltr'><strong>patefecit:</strong></span> <span class='ocrx_word' id='word_1_274' title='bbox 323 2975 430 3019; x_wconf 88' lang='lat' dir='ltr'><strong>mores</strong></span> <span class='ocrx_word' id='word_1_275' title='bbox 450 2954 534 3017; x_wconf 90' lang='lat' dir='ltr'><strong>enim</strong></span> <span class='ocrx_word' id='word_1_276' title='bbox 559 2953 684 3037; x_wconf 89' lang='lat' dir='ltr'><strong>patrios</strong></span> <span class='ocrx_word' id='word_1_277' title='bbox 703 2959 799 3038; x_wconf 92' lang='lat' dir='ltr'><strong>atque</strong></span> <span class='ocrx_word' id='word_1_278' title='bbox 824 2954 922 3020; x_wconf 87' lang='lat' dir='ltr'><strong>etiam</strong></span> <span class='ocrx_word' id='word_1_279' title='bbox 941 2956 1062 3020; x_wconf 91' lang='lat' dir='ltr'><strong>cultum</strong></span> <span class='ocrx_word' id='word_1_280' title='bbox 1085 2954 1302 3040; x_wconf 85' lang='lat' dir='ltr'><strong>vestitumque</strong></span> 
     </span>
    </p>

    <p class='ocr_par' dir='ltr' id='par_1_11' title="bbox 96 3043 1303 3219">
     <span class='ocr_line' id='line_1_33' title="bbox 96 3043 1302 3127; baseline -0.002 -16"><span class='ocrx_word' id='word_1_281' title='bbox 96 3043 279 3112; x_wconf 79' lang='lat' dir='ltr'><strong>amutavit.</strong></span> <span class='ocrx_word' id='word_1_282' title='bbox 325 3044 495 3127; x_wconf 88' lang='lat' dir='ltr'><strong>Apparatu</strong></span> <span class='ocrx_word' id='word_1_283' title='bbox 527 3043 618 3127; x_wconf 82' lang='lat' dir='ltr'><strong>regio</strong></span> <span class='ocrx_word' id='word_1_284' title='bbox 650 3043 816 3123; x_wconf 87' lang='lat' dir='ltr'><strong>utebatur,</strong></span> <span class='ocrx_word' id='word_1_285' title='bbox 847 3047 937 3109; x_wconf 89' lang='lat' dir='ltr'><strong>veste</strong></span> <span class='ocrx_word' id='word_1_286' title='bbox 968 3043 1108 3110; x_wconf 88' lang='lat' dir='ltr'><strong>Medica:</strong></span> <span class='ocrx_word' id='word_1_287' title='bbox 1144 3045 1302 3110; x_wconf 87' lang='lat' dir='ltr'><strong>satellites</strong></span> 
     </span>
     <span class='ocr_line' id='line_1_34' title="bbox 130 3130 1303 3219; baseline -0.002 -20"><span class='ocrx_word' id='word_1_288' title='bbox 130 3130 295 3219; x_wconf 31' lang='lat' dir='ltr'><strong>Medi⁶)·e</strong></span> <span class='ocrx_word' id='word_1_289' title='bbox 338 3131 495 3218; x_wconf 84' lang='lat' dir='ltr'><strong>Aegyptii</strong></span> <span class='ocrx_word' id='word_1_290' title='bbox 527 3131 756 3215; x_wconf 86' lang='lat' dir='ltr'><strong>sequebantur:</strong></span> <span class='ocrx_word' id='word_1_291' title='bbox 785 3133 979 3216; x_wconf 88' lang='lat' dir='ltr'><strong>epulabatur</strong></span> <span class='ocrx_word' id='word_1_292' title='bbox 1012 3155 1100 3197; x_wconf 87' lang='lat' dir='ltr'><strong>more</strong></span> <span class='ocrx_word' id='word_1_293' title='bbox 1127 3131 1303 3198; x_wconf 88' lang='lat' dir='ltr'><strong>Persarum</strong></span> 
     </span>
    </p>

    <p class='ocr_par' dir='ltr' id='par_1_12' title="bbox 95 3219 1303 3483">
     <span class='ocr_line' id='line_1_35' title="bbox 95 3219 1302 3307; baseline -0.003 -17"><span class='ocrx_word' id='word_1_294' title='bbox 95 3243 111 3290; x_wconf 85' lang='grc'>3</span> <span class='ocrx_word' id='word_1_295' title='bbox 130 3223 337 3305; x_wconf 85' lang='lat' dir='ltr'><strong>luxuriosius,</strong></span> <span class='ocrx_word' id='word_1_296' title='bbox 360 3244 457 3307; x_wconf 88' lang='lat' dir='ltr'><strong>quam</strong></span> <span class='ocrx_word' id='word_1_297' title='bbox 476 3221 533 3306; x_wconf 91' lang='lat' dir='ltr'><strong>qui</strong></span> <span class='ocrx_word' id='word_1_298' title='bbox 555 3220 689 3299; x_wconf 89' lang='lat' dir='ltr'><strong>aderant</strong></span> <span class='ocrx_word' id='word_1_299' title='bbox 706 3221 834 3305; x_wconf 87' lang='lat' dir='ltr'><strong>perpeti</strong></span> <span class='ocrx_word' id='word_1_300' title='bbox 856 3223 998 3304; x_wconf 87' lang='lat' dir='ltr'><strong>possent.</strong></span> <span class='ocrx_word' id='word_1_301' title='bbox 1028 3219 1180 3306; x_wconf 80' lang='lat' dir='ltr'><strong>Spartam</strong></span> <span class='ocrx_word' id='word_1_302' title='bbox 1197 3222 1302 3286; x_wconf 88' lang='lat' dir='ltr'><strong>redire</strong></span> 
     </span>
     <span class='ocr_line' id='line_1_36' title="bbox 132 3306 1303 3395; baseline 0.001 -20"><span class='ocrx_word' id='word_1_303' title='bbox 132 3311 279 3376; x_wconf 86' lang='lat' dir='ltr'><strong>nolebat:</strong></span> <span class='ocrx_word' id='word_1_304' title='bbox 312 3310 466 3392; x_wconf 80' lang='lat' dir='ltr'><strong>Celonas,</strong></span> <span class='ocrx_word' id='word_1_305' title='bbox 498 3310 554 3395; x_wconf 90' lang='lat' dir='ltr'><strong>qui</strong></span> <span class='ocrx_word' id='word_1_306' title='bbox 585 3310 674 3375; x_wconf 90' lang='lat' dir='ltr'><strong>locus</strong></span> <span class='ocrx_word' id='word_1_307' title='bbox 706 3310 741 3375; x_wconf 91' lang='lat' dir='ltr'><strong>in</strong></span> <span class='ocrx_word' id='word_1_308' title='bbox 769 3330 847 3395; x_wconf 82' lang='lat' dir='ltr'><strong>agro</strong></span> <span class='ocrx_word' id='word_1_309' title='bbox 875 3306 1032 3395; x_wconf 49' lang='lat' dir='ltr'><strong>Troade&amp;</strong></span> <span class='ocrx_word' id='word_1_310' title='bbox 1066 3314 1130 3389; x_wconf 86' lang='lat' dir='ltr'><strong>est,</strong></span> <span class='ocrx_word' id='word_1_311' title='bbox 1161 3330 1195 3375; x_wconf 90' lang='lat' dir='ltr'><strong>se</strong></span> <span class='ocrx_word' id='word_1_312' title='bbox 1230 3332 1303 3376; x_wconf 89' lang='lat' dir='ltr'><strong>oon-</strong></span> 
     </span>
     <span class='ocr_line' id='line_1_37' title="bbox 132 3399 1303 3483; baseline 0.001 -19"><span class='ocrx_word' id='word_1_313' title='bbox 132 3400 263 3465; x_wconf 88' lang='lat' dir='ltr'><strong>tulerat:</strong></span> <span class='ocrx_word' id='word_1_314' title='bbox 291 3399 337 3464; x_wconf 92' lang='lat' dir='ltr'><strong>ibi</strong></span> <span class='ocrx_word' id='word_1_315' title='bbox 364 3399 499 3465; x_wconf 90' lang='lat' dir='ltr'><strong>consilia</strong></span> <span class='ocrx_word' id='word_1_316' title='bbox 526 3421 599 3464; x_wconf 91' lang='lat' dir='ltr'><strong>cum</strong></span> <span class='ocrx_word' id='word_1_317' title='bbox 626 3399 751 3483; x_wconf 85' lang='lat' dir='ltr'><strong>patriae</strong></span> <span class='ocrx_word' id='word_1_318' title='bbox 784 3404 854 3464; x_wconf 91' lang='lat' dir='ltr'><strong>tum</strong></span> <span class='ocrx_word' id='word_1_319' title='bbox 883 3400 945 3464; x_wconf 91' lang='lat' dir='ltr'><strong>sibi</strong></span> <span class='ocrx_word' id='word_1_320' title='bbox 977 3399 1109 3464; x_wconf 89' lang='lat' dir='ltr'><strong>inimica</strong></span> <span class='ocrx_word' id='word_1_321' title='bbox 1141 3399 1303 3482; x_wconf 87' lang='lat' dir='ltr'><strong>capiebat.</strong></span> 
     </span>
    </p>
   </div>
   <div class='ocr_carea' id='block_1_3' title="bbox 132 3589 1305 4373">
    <p class='ocr_par' dir='ltr' id='par_1_13' title="bbox 132 3589 1305 4373">
     <span class='ocr_line' id='line_1_38' title="bbox 171 3589 1305 3661; baseline 0.004 -19"><span class='ocrx_word' id='word_1_322' title='bbox 171 3590 191 3659; x_wconf 73' lang='lat'><strong>²)</strong></span> <span class='ocrx_word' id='word_1_323' title='bbox 228 3589 302 3659; x_wconf 81' lang='lat' dir='ltr'><strong>Ergo</strong></span> <span class='ocrx_word' id='word_1_324' title='bbox 338 3589 368 3644; x_wconf 90' lang='lat' dir='ltr'><strong>in</strong></span> <span class='ocrx_word' id='word_1_325' title='bbox 400 3589 491 3644; x_wconf 90' lang='lat' dir='ltr'><strong>dieser</strong></span> <span class='ocrx_word' id='word_1_326' title='bbox 526 3589 692 3660; x_wconf 82' lang='lat' dir='ltr'><strong>Bedeutung</strong></span> <span class='ocrx_word' id='word_1_327' title='bbox 746 3589 902 3660; x_wconf 83' lang='lat' dir='ltr'><strong>derholung</strong></span> <span class='ocrx_word' id='word_1_328' title='bbox 916 3590 965 3645; x_wconf 91' lang='lat' dir='ltr'><strong>des</strong></span> <span class='ocrx_word' id='word_1_329' title='bbox 973 3589 1194 3661; x_wconf 81' lang='lat' dir='ltr'><strong>Verbalbegriffs</strong></span> <span class='ocrx_word' id='word_1_330' title='bbox 1207 3607 1245 3646; x_wconf 88' lang='lat' dir='ltr'><strong>ne</strong></span> <span class='ocrx_word' id='word_1_331' title='bbox 1259 3591 1305 3646; x_wconf 87' lang='lat' dir='ltr'><strong>cui</strong></span> 
     </span>
     <span class='ocr_line' id='line_1_39' title="bbox 133 3659 1304 3734; baseline 0 -18"><span class='ocrx_word' id='word_1_332' title='bbox 133 3664 290 3734; x_wconf 82' lang='lat' dir='ltr'><strong>(„wegen“)</strong></span> <span class='ocrx_word' id='word_1_333' title='bbox 303 3661 342 3716; x_wconf 91' lang='lat' dir='ltr'><strong>ist</strong></span> <span class='ocrx_word' id='word_1_334' title='bbox 355 3661 419 3716; x_wconf 90' lang='lat' dir='ltr'><strong>dem</strong></span> <span class='ocrx_word' id='word_1_335' title='bbox 432 3659 614 3715; x_wconf 81' lang='lat' dir='ltr'><strong>Kaualeistile</strong></span> <span class='ocrx_word' id='word_1_336' title='bbox 632 3665 691 3716; x_wconf 84' lang='lat' dir='ltr'><strong>ent-</strong></span> <span class='ocrx_word' id='word_1_337' title='bbox 744 3662 786 3716; x_wconf 92' lang='lat' dir='ltr'><strong>rei</strong></span> <span class='ocrx_word' id='word_1_338' title='bbox 803 3664 902 3730; x_wconf 86' lang='lat' dir='ltr'><strong>parcat</strong></span> <span class='ocrx_word' id='word_1_339' title='bbox 920 3663 956 3717; x_wconf 91' lang='lat' dir='ltr'><strong>ad</strong></span> <span class='ocrx_word' id='word_1_340' title='bbox 975 3664 1042 3731; x_wconf 85' lang='lat' dir='ltr'><strong>etc,</strong></span> <span class='ocrx_word' id='word_1_341' title='bbox 1060 3661 1113 3717; x_wconf 85' lang='lat' dir='ltr'><strong>wie</strong></span> <span class='ocrx_word' id='word_1_342' title='bbox 1132 3660 1212 3716; x_wconf 82' lang='lat' dir='ltr'><strong>Eum.</strong></span> <span class='ocrx_word' id='word_1_343' title='bbox 1227 3662 1263 3730; x_wconf 87' lang='lat'><strong>11,</strong></span> <span class='ocrx_word' id='word_1_344' title='bbox 1278 3665 1304 3716; x_wconf 80' lang='lat' dir='ltr'><strong>t.</strong></span> 
     </span>
     <span class='ocr_line' id='line_1_40' title="bbox 132 3730 1303 3801; baseline -0.002 -12"><span class='ocrx_word' id='word_1_345' title='bbox 132 3749 272 3789; x_wconf 87' lang='lat' dir='ltr'><strong>nommen.</strong></span> <span class='ocrx_word' id='word_1_346' title='bbox 782 3731 804 3801; x_wconf 81' lang='lat'><strong>⁵)</strong></span> <span class='ocrx_word' id='word_1_347' title='bbox 824 3733 857 3786; x_wconf 91' lang='lat' dir='ltr'><strong>D.</strong></span> <span class='ocrx_word' id='word_1_348' title='bbox 866 3733 894 3788; x_wconf 91' lang='lat' dir='ltr'><strong>h.</strong></span> <span class='ocrx_word' id='word_1_349' title='bbox 910 3733 989 3788; x_wconf 89' lang='lat' dir='ltr'><strong>nicht</strong></span> <span class='ocrx_word' id='word_1_350' title='bbox 1003 3750 1043 3800; x_wconf 89' lang='lat' dir='ltr'><strong>so,</strong></span> <span class='ocrx_word' id='word_1_351' title='bbox 1062 3730 1123 3787; x_wconf 86' lang='lat' dir='ltr'><strong>dass</strong></span> <span class='ocrx_word' id='word_1_352' title='bbox 1139 3749 1168 3786; x_wconf 90' lang='lat' dir='ltr'><strong>er</strong></span> <span class='ocrx_word' id='word_1_353' title='bbox 1182 3730 1303 3787; x_wconf 77' lang='lat' dir='ltr'><strong>allmah-</strong></span> 
     </span>
     <span class='ocr_line' id='line_1_41' title="bbox 171 3800 1304 3873; baseline 0.003 -18"><span class='ocrx_word' id='word_1_354' title='bbox 171 3804 192 3873; x_wconf 80' lang='lat'><strong>³)</strong></span> <span class='ocrx_word' id='word_1_355' title='bbox 217 3801 255 3856; x_wconf 84' lang='lat' dir='ltr'><strong>Er</strong></span> <span class='ocrx_word' id='word_1_356' title='bbox 273 3802 399 3858; x_wconf 88' lang='lat' dir='ltr'><strong>schickte</strong></span> <span class='ocrx_word' id='word_1_357' title='bbox 422 3803 473 3857; x_wconf 92' lang='lat' dir='ltr'><strong>ihn</strong></span> <span class='ocrx_word' id='word_1_358' title='bbox 491 3801 534 3857; x_wconf 90' lang='lat' dir='ltr'><strong>als</strong></span> <span class='ocrx_word' id='word_1_359' title='bbox 553 3800 692 3872; x_wconf 87' lang='lat' dir='ltr'><strong>Satrapen</strong></span> <span class='ocrx_word' id='word_1_360' title='bbox 744 3802 802 3858; x_wconf 94' lang='lat' dir='ltr'><strong>lich</strong></span> <span class='ocrx_word' id='word_1_361' title='bbox 825 3805 926 3859; x_wconf 88' lang='lat' dir='ltr'><strong>andere</strong></span> <span class='ocrx_word' id='word_1_362' title='bbox 950 3820 987 3858; x_wconf 91' lang='lat' dir='ltr'><strong>an</strong></span> <span class='ocrx_word' id='word_1_363' title='bbox 1010 3802 1070 3858; x_wconf 89' lang='lat' dir='ltr'><strong>sich</strong></span> <span class='ocrx_word' id='word_1_364' title='bbox 1088 3802 1221 3873; x_wconf 82' lang='lat' dir='ltr'><strong>gefesselt</strong></span> <span class='ocrx_word' id='word_1_365' title='bbox 1245 3803 1304 3858; x_wconf 88' lang='lat' dir='ltr'><strong>und</strong></span> 
     </span>
     <span class='ocr_line' id='line_1_42' title="bbox 132 3872 1303 3944; baseline -0.002 -12"><span class='ocrx_word' id='word_1_366' title='bbox 132 3876 206 3932; x_wconf 86' lang='lat' dir='ltr'><strong>nach</strong></span> <span class='ocrx_word' id='word_1_367' title='bbox 228 3873 404 3944; x_wconf 84' lang='lat' dir='ltr'><strong>Dascylium,</strong></span> <span class='ocrx_word' id='word_1_368' title='bbox 427 3892 475 3928; x_wconf 90' lang='lat' dir='ltr'><strong>um</strong></span> <span class='ocrx_word' id='word_1_369' title='bbox 499 3888 555 3930; x_wconf 86' lang='lat' dir='ltr'><strong>von</strong></span> <span class='ocrx_word' id='word_1_370' title='bbox 577 3874 613 3928; x_wconf 88' lang='lat' dir='ltr'><strong>da</strong></span> <span class='ocrx_word' id='word_1_371' title='bbox 641 3891 690 3928; x_wconf 88' lang='lat' dir='ltr'><strong>aus</strong></span> <span class='ocrx_word' id='word_1_372' title='bbox 743 3873 773 3929; x_wconf 92' lang='lat' dir='ltr'><strong>in</strong></span> <span class='ocrx_word' id='word_1_373' title='bbox 787 3875 863 3930; x_wconf 90' lang='lat' dir='ltr'><strong>seine</strong></span> <span class='ocrx_word' id='word_1_374' title='bbox 877 3876 964 3932; x_wconf 78' lang='lat' dir='ltr'><strong>Plane</strong></span> <span class='ocrx_word' id='word_1_375' title='bbox 978 3875 1200 3944; x_wconf 81' lang='lat' dir='ltr'><strong>hineingezogen</strong></span> <span class='ocrx_word' id='word_1_376' title='bbox 1212 3872 1303 3930; x_wconf 72' lang='lat' dir='ltr'><strong>hatte.</strong></span> 
     </span>
     <span class='ocr_line' id='line_1_43' title="bbox 134 3943 1304 4016; baseline -0.003 -13"><span class='ocrx_word' id='word_1_377' title='bbox 134 3947 179 4003; x_wconf 90' lang='lat' dir='ltr'><strong>die</strong></span> <span class='ocrx_word' id='word_1_378' title='bbox 198 3946 468 4016; x_wconf 83' lang='lat' dir='ltr'><strong>Unterhandlungen</strong></span> <span class='ocrx_word' id='word_1_379' title='bbox 485 3945 538 4000; x_wconf 86' lang='lat' dir='ltr'><strong>mit</strong></span> <span class='ocrx_word' id='word_1_380' title='bbox 555 3943 638 3999; x_wconf 88' lang='lat' dir='ltr'><strong>Paos.</strong></span> <span class='ocrx_word' id='word_1_381' title='bbox 657 3963 690 3998; x_wconf 88' lang='lat' dir='ltr'><strong>au</strong></span> <span class='ocrx_word' id='word_1_382' title='bbox 743 3946 781 3999; x_wconf 78' lang='lat' dir='ltr'><strong>Er</strong></span> <span class='ocrx_word' id='word_1_383' title='bbox 795 3947 943 4002; x_wconf 77' lang='lat' dir='ltr'><strong>entdeclrte</strong></span> <span class='ocrx_word' id='word_1_384' title='bbox 958 3947 1017 4002; x_wconf 88' lang='lat' dir='ltr'><strong>sich</strong></span> <span class='ocrx_word' id='word_1_385' title='bbox 1031 3945 1167 4001; x_wconf 87' lang='lat' dir='ltr'><strong>vielmehr</strong></span> <span class='ocrx_word' id='word_1_386' title='bbox 1181 3962 1215 4000; x_wconf 83' lang='lat' dir='ltr'><strong>zu</strong></span> <span class='ocrx_word' id='word_1_387' title='bbox 1227 3945 1304 4014; x_wconf 79' lang='lat' dir='ltr'><strong>frah,</strong></span> 
     </span>
     <span class='ocr_line' id='line_1_44' title="bbox 132 4015 1303 4091; baseline -0.003 -17"><span class='ocrx_word' id='word_1_388' title='bbox 132 4019 239 4074; x_wconf 80' lang='lat' dir='ltr'><strong>fuhren.</strong></span> <span class='ocrx_word' id='word_1_389' title='bbox 276 4016 408 4072; x_wconf 88' lang='lat' dir='ltr'><strong>Derselbe</strong></span> <span class='ocrx_word' id='word_1_390' title='bbox 432 4018 511 4071; x_wconf 89' lang='lat' dir='ltr'><strong>hatte</strong></span> <span class='ocrx_word' id='word_1_391' title='bbox 531 4016 611 4072; x_wconf 89' lang='lat' dir='ltr'><strong>einen</strong></span> <span class='ocrx_word' id='word_1_392' title='bbox 629 4015 691 4070; x_wconf 82' lang='lat' dir='ltr'><strong>Teil</strong></span> <span class='ocrx_word' id='word_1_393' title='bbox 745 4034 775 4071; x_wconf 90' lang='lat' dir='ltr'><strong>so</strong></span> <span class='ocrx_word' id='word_1_394' title='bbox 795 4017 856 4072; x_wconf 82' lang='lat' dir='ltr'><strong>dass</strong></span> <span class='ocrx_word' id='word_1_395' title='bbox 880 4018 955 4072; x_wconf 83' lang='lat' dir='ltr'><strong>disse</strong></span> <span class='ocrx_word' id='word_1_396' title='bbox 978 4017 1050 4073; x_wconf 92' lang='lat' dir='ltr'><strong>noch</strong></span> <span class='ocrx_word' id='word_1_397' title='bbox 1069 4015 1233 4091; x_wconf 77' lang='lat' dir='ltr'><strong>rechtreitig</strong></span> <span class='ocrx_word' id='word_1_398' title='bbox 1257 4035 1303 4071; x_wconf 81' lang='lat' dir='ltr'><strong>au·</strong></span> 
     </span>
     <span class='ocr_line' id='line_1_45' title="bbox 133 4085 1056 4159; baseline 0 -16"><span class='ocrx_word' id='word_1_399' title='bbox 133 4085 691 4159; x_wconf 82' lang='lat' dir='ltr'><strong>despersischenHeeresinderSchlacht</strong></span> <span class='ocrx_word' id='word_1_400' title='bbox 743 4089 906 4144; x_wconf 77' lang='lat' dir='ltr'><strong>rficktreten</strong></span> <span class='ocrx_word' id='word_1_401' title='bbox 923 4089 1056 4143; x_wconf 86' lang='lat' dir='ltr'><strong>konnten.</strong></span> 
     </span>
     <span class='ocr_line' id='line_1_46' title="bbox 133 4158 1304 4229; baseline 0 -14"><span class='ocrx_word' id='word_1_402' title='bbox 133 4161 180 4216; x_wconf 91' lang='lat' dir='ltr'><strong>bei</strong></span> <span class='ocrx_word' id='word_1_403' title='bbox 198 4161 300 4216; x_wconf 64' lang='lat' dir='ltr'><strong>Platae</strong></span> <span class='ocrx_word' id='word_1_404' title='bbox 317 4161 448 4229; x_wconf 82' lang='lat' dir='ltr'><strong>gerettet.</strong></span> <span class='ocrx_word' id='word_1_405' title='bbox 781 4159 803 4228; x_wconf 79' lang='lat'><strong>⁶)</strong></span> <span class='ocrx_word' id='word_1_406' title='bbox 822 4158 918 4215; x_wconf 84' lang='lat' dir='ltr'><strong>Meder</strong></span> <span class='ocrx_word' id='word_1_407' title='bbox 936 4159 974 4215; x_wconf 89' lang='lat' dir='ltr'><strong>ist</strong></span> <span class='ocrx_word' id='word_1_408' title='bbox 990 4159 1052 4214; x_wconf 90' lang='lat' dir='ltr'><strong>hier</strong></span> <span class='ocrx_word' id='word_1_409' title='bbox 1067 4160 1116 4214; x_wconf 89' lang='lat' dir='ltr'><strong>der</strong></span> <span class='ocrx_word' id='word_1_410' title='bbox 1134 4159 1304 4229; x_wconf 82' lang='lat' dir='ltr'><strong>allgemeine</strong></span> 
     </span>
     <span class='ocr_line' id='line_1_47' title="bbox 170 4228 1020 4301; baseline 0.001 -16"><span class='ocrx_word' id='word_1_411' title='bbox 170 4233 191 4301; x_wconf 87' lang='lat'><strong>⁴)</strong></span> <span class='ocrx_word' id='word_1_412' title='bbox 221 4231 308 4286; x_wconf 85' lang='lat' dir='ltr'><strong>Nicht</strong></span> <span class='ocrx_word' id='word_1_413' title='bbox 333 4233 379 4286; x_wconf 77' lang='lat' dir='ltr'><strong>fur</strong></span> <span class='ocrx_word' id='word_1_414' title='bbox 406 4229 541 4298; x_wconf 83' lang='lat' dir='ltr'><strong>effecerit,</strong></span> <span class='ocrx_word' id='word_1_415' title='bbox 570 4228 691 4284; x_wconf 85' lang='lat' dir='ltr'><strong>sondern</strong></span> <span class='ocrx_word' id='word_1_416' title='bbox 742 4231 833 4286; x_wconf 89' lang='lat' dir='ltr'><strong>Name</strong></span> <span class='ocrx_word' id='word_1_417' title='bbox 852 4231 897 4285; x_wconf 81' lang='lat' dir='ltr'><strong>ffir</strong></span> <span class='ocrx_word' id='word_1_418' title='bbox 914 4232 1020 4286; x_wconf 89' lang='lat' dir='ltr'><strong>Perser.</strong></span> 
     </span>
     <span class='ocr_line' id='line_1_48' title="bbox 133 4301 1171 4373; baseline -0.003 -16"><span class='ocrx_word' id='word_1_419' title='bbox 133 4302 378 4373; x_wconf 86' lang='lat' dir='ltr'><strong>unbestimmtere,</strong></span> <span class='ocrx_word' id='word_1_420' title='bbox 396 4301 595 4373; x_wconf 82' lang='lat' dir='ltr'><strong>allgemeinere</strong></span> <span class='ocrx_word' id='word_1_421' title='bbox 615 4301 690 4356; x_wconf 89' lang='lat' dir='ltr'><strong>Wie-</strong></span> <span class='ocrx_word' id='word_1_422' title='bbox 783 4302 803 4371; x_wconf 85' lang='lat'><strong>⁷)</strong></span> <span class='ocrx_word' id='word_1_423' title='bbox 823 4301 1171 4371; x_wconf 77' lang='lat' dir='ltr'><strong>Appositionsverhtltnis.</strong></span> 
     </span>
    </p>
   </div>
   <div class='ocr_carea' id='block_1_4' title="bbox 0 0 1415 4786">
    <p class='ocr_par' dir='ltr' id='par_1_14' title="bbox 0 0 1415 4786">
     <span class='ocr_line' id='line_1_49' title="bbox 0 0 1415 4786; baseline 0 0"><span class='ocrx_word' id='word_1_424' title='bbox 0 0 1415 4786; x_wconf 95' lang='lat' dir='ltr'><strong> </strong></span> 
     </span>
    </p>
   </div>
  </div>
 </body>
</html>
