2812 4786
176 214 220 278 62
544 212 630 268 XVII.
658 211 870 268 AGESILAUS.
894 220 917 268 7.
938 219 963 271 8.

176 377 363 460 lescentuli,
385 376 530 441 hostium
554 375 695 441 adventu
718 375 896 459 perterriti,
925 378 961 440 ut
984 376 1024 440 ad
1047 374 1222 441 Thebanos
1248 381 1394 442 tram·

175 467 339 552 fugerent,
361 465 469 530 locum
493 468 585 529 extra
607 465 720 529 urbem
744 463 865 529 editum
891 465 1061 548 cepissent,
1085 464 1275 550 Agesilaus,
1298 458 1394 551 (111³

175 553 485 639 perniciosissimum
511 552 581 619 fore
608 552 745 638 videret,
773 553 802 617 si
830 552 1089 618 animadversum
1117 557 1216 636 esset,
1244 568 1395 638 queml

177 665 273 728 quam
303 641 345 706 ad
367 641 478 707 hostes
505 641 709 727 transfugere
733 641 953 726 coneri,cu1n
977 641 1044 706 suis
1070 663 1107 706 eo
1130 641 1222 706 venit
1247 647 1395 728 atqu-t

176 734 212 794 nt
240 731 268 795 si
294 729 382 795 bono
410 731 519 796 animo
546 730 714 814 fecissent,
741 730 888 795 laudavit
915 730 1086 795 consilium
1114 750 1242 814 eorum,
1269 746 1393 816 quc:

140 835 250 885 ecum
273 818 379 884 locum
403 823 628 903 occupassent:
658 840 693 883 se
714 817 748 882 id
771 815 944 903 quoquam)
971 818 1042 883 fieri
1065 818 1181 883 debere
1206 814 1395 885 animad

174 909 321 973 vertisse.
368 906 422 974 Sic
450 907 670 973 adulescentes
699 907 853 972 simulata
878 906 1066 972 laudatione
1090 909 1301 990 recuperauit
1333 925 1395 970 ε

175 996 336 1061 adiunctis
370 997 409 1060 de
437 997 503 1061 suis
536 995 709 1061 comitibus
741 997 848 1060 locum
875 998 982 1060 tutum
1014 995 1153 1080 reliquit.
1199 994 1395 1081 Namque

174 1086 223 1150 illi
243 1085 368 1151 adiecto
391 1106 525 1149 numero
549 1104 670 1167 eorum,
694 1084 749 1168 qui
773 1090 919 1167 expertes
937 1087 1032 1148 erant
1049 1083 1186 1168 consilii,
1209 1104 1394 1150 commo·

174 1197 248 1240 vere
276 1195 310 1239 se
338 1194 405 1238 non
433 1176 509 1238 suut
537 1172 608 1237 ausi
636 1168 782 1258 eoque¹⁴)
810 1173 978 1256 libentius,
1000 1172 1100 1256 quod,
1123 1193 1206 1256 quae
1230 1175 1386 1258 cogita·

173 1267 298 1345 verant,
320 1263 422 1326 latere
445 1261 698 1326 arbitrabantur.

140 1367 152 1414 1
264 1349 336 1414 Vll.
374 1347 450 1414 Sine
479 1349 577 1414 dubio
605 1353 681 1432 post
703 1348 905 1414 Leuctricam
930 1369 1077 1434 pugnam
1100 1347 1368 1415 Lacedaemonii

175 1461 209 1503 se
236 1460 415 1522 numquam
442 1437 623 1503 refecerunt
649 1459 753 1520 neque
780 1438 956 1520 pristinum
983 1437 1155 1522 imperium
1179 1458 1355 1523 recupera·

173 1532 262 1610 runt,
285 1548 359 1592 cum
381 1523 559 1613 iuterim¹⁶)
587 1547 764 1609 numquam
788 1526 961 1611 Agesilaus
990 1525 1117 1590 destitit
1143 1526 1347 1609 quibuscum·

139 1633 237 1701 2que
260 1615 356 1680 rebus
379 1615 487 1700 potuit
508 1615 651 1700 patriam
678 1614 797 1680 iuvare.
842 1613 929 1680 Nam
953 1635 1026 1680 cum
1048 1615 1186 1697 pecnnia
1210 1616 1346 1680 maxime

172 1703 420 1770 Lacedaemonii
447 1703 644 1787 indigerent,
664 1704 726 1778 ille¹
746 1703 909 1786 omnibus,
934 1704 989 1787 qui
1013 1725 1033 1766 a
1055 1721 1132 1788 rege
1155 1702 1345 1789 defecerant,

174 1793 335 1877 praesidio
360 1792 434 1857 fuit:
462 1814 482 1857 a
505 1793 622 1878 quibus
645 1812 764 1877 magna
788 1792 925 1856 donatus
948 1791 1085 1876 pecunia
1107 1790 1252 1873 patriam
1276 1792 1344 1856 sub-

138 1882 304 1947 alcvavit.
350 1881 457 1964 Atque
489 1881 522 1944 in
556 1902 593 1946 eo
622 1880 702 1944 illud
734 1881 768 1944 in
799 1880 913 1964 primis
942 1880 1006 1944 fuit
1038 1878 1244 1964 admirabile,
1278 1901 1346 1945 cum

173 1970 316 2034 maxima
339 1990 472 2033 munere
495 1968 525 2032 ei
549 1969 589 2033 ab
613 1968 745 2052 regibus
768 1989 805 2032 ac
828 1968 975 2052 dynastis
999 1967 1252 2051 civitatibusque
1277 1989 1346 2033 con·

174 2059 344 2138 ferrentur,
368 2057 453 2140 qnod
476 2055 560 2120 nihil
581 2078 734 2140 umquam
759 2056 890 2121 domum
914 2078 1005 2122 suam
1028 2055 1174 2136 abstulit,
1201 2056 1288 2120 nihil
1311 2056 1347 2120 de

139 2147 270 2230 tvictn,
293 2145 376 2209 nihil
399 2144 438 2208 de
460 2145 583 2209 vestitu
600 2145 764 2209 Laconum
788 2146 935 2210 mutavit.
974 2143 1082 2209 Domo
1106 2143 1166 2208 tali
1188 2143 1254 2208 fuit
1277 2166 1347 2210 con·

172 2238 295 2317 tentus,
319 2233 409 2318 quali
436 2232 583 2316 Procles,
610 2232 799 2317 progenitor
827 2234 894 2298 eius
917 2234 1096 2318 maiorum,
1125 2231 1234 2297 fuerat
1258 2255 1347 2298 usus:

173 2345 269 2408 quam
298 2322 354 2407 qui
381 2323 532 2406 intrarat,
559 2322 686 2386 nullum
714 2320 844 2406 signum
871 2321 1030 2404 libidinis,
1054 2321 1179 2385 nullum
1203 2322 1349 2387 luxuriae

173 2413 282 2478 videre
304 2414 447 2496 poterat,
476 2415 511 2475 at
532 2411 672 2494 plurima
693 2410 872 2493 patientiae
896 2413 994 2495 atque
1022 2409 1248 2474 abstinentiae.
1296 2409 1348 2475 Sic

173 2501 260 2565 enim
284 2503 355 2566 erat
377 2500 552 2584 instructa,
574 2503 612 2563 nt
634 2498 726 2564 nulla
747 2499 783 2562 in
805 2521 839 2562 rc
863 2498 1006 2563 differret
1029 2519 1049 2563 a
1072 2497 1214 2563 cuiusvis
1237 2499 1347 2583 inopis

172 2593 268 2673 atque
292 2585 466 2673 privati¹⁶).

137 2697 150 2743 1
260 2675 353 2741 VIII.
381 2674 490 2760 Atque
513 2676 566 2741 hic
593 2678 706 2740 tantus
729 2675 780 2740 vir
802 2679 839 2740 ut
861 2678 1011 2739 naturam
1038 2674 1210 2740 fautricem
1232 2674 1349 2740 habuit

173 2765 206 2828 in
236 2764 418 2829 tribuendis
446 2764 546 2829 animi
574 2763 761 2849 virtutibus,
794 2764 841 2828 sic
873 2763 1053 2828 maleficam
1085 2769 1199 2828 nactus
1230 2768 1283 2828 est
1313 2764 1348 2828 in

173 2873 307 2937 corpore
320 2852 487 2938 fingendo:
501 2874 578 2917 nam
593 2857 626 2916 et
640 2855 765 2916 statura
779 2851 842 2915 fuit
855 2851 972 2917 humili
986 2855 1019 2916 et
1031 2872 1166 2936 corpore
1181 2852 1301 2937 exiguo
1309 2849 1346 2937 17)

172 2945 205 3006 et
239 2941 371 3006 claudus
410 2942 511 3005 altero
544 2940 633 3023 pede.
684 2938 773 3015 Quae
805 2960 855 3003 res
888 2961 961 3003 cum
993 2940 1184 3005 nonnullam
1215 2941 1347 3005 afferret

174 3029 425 3113 deformitatem,
446 3029 561 3114 ignoti,
584 3028 701 3094 faciem
724 3028 793 3092 eius
817 3049 890 3092 cum
913 3025 1171 3115 intuerentur¹⁸),
1203 3032 1346 3095 contem·

171 3122 309 3199 nebant,
335 3120 473 3185 virtutes
506 3121 614 3182 autem
642 3117 697 3201 qui
720 3120 891 3201 noverant,
917 3137 984 3181 non
1011 3120 1163 3202 poterant
1190 3117 1346 3183 admirari

207 3312 240 3382 ¹³)
259 3313 402 3367 Zwisohen
427 3327 456 3366 se
480 3325 590 3379 quoque
618 3307 657 3363 ist
683 3307 729 3364 ein
782 3308 862 3362 nicht
880 3307 1082 3376 subordiniert,
1101 3307 1221 3363 sonderu
1239 3323 1345 3379 gegeu·

47 3445 51 3449 y
168 3381 292 3448 toulosec
311 3379 626 3448 ts‘ozreingesonoben.
664 3378 728 3448 Vgl.
783 3377 899 3434 attalich
917 3377 1092 3434 koordmiert
1108 3379 1155 3434 ist.
1182 3378 1344 3448 Vgl..Aum.

127 3450 131 3455 ’
168 3453 249 3507 Anm.
277 3469 310 3506 zu
337 3450 428 3506 Alcib.
451 3450 517 3516 Vll,
541 3456 557 3504 2
585 3451 643 3504 und
671 3450 727 3505 Cic.
783 3467 816 3504 zu
836 3448 900 3504 Dat.
919 3448 953 3517 X,
973 3456 998 3504 3.
1367 3476 1372 3483 ·

168 3522 244 3577 Lael.
263 3527 311 3579 84:
334 3525 395 3578 tum
415 3538 444 3578 se
463 3522 583 3589 denique
604 3521 650 3576 fiir
667 3524 727 3576 tum
821 3519 853 3589 ¹⁰)
872 3520 913 3575 Im
932 3520 1087 3575 deutschen
1102 3519 1251 3574 Ausdruck
1271 3537 1344 3590 „von

168 3593 288 3663 denique
306 3611 344 3650 se.
782 3591 844 3645 dem
866 3593 942 3645 eines
961 3595 1017 3632 -“
1035 3590 1074 3647 ist
1091 3592 1200 3660 ,‚dem“
1222 3590 1274 3645 der
1292 3593 1343 3646 Ar·

207 3664 240 3734 ¹⁴)
264 3664 361 3748 quue
389 3690 423 3711 ==
450 3664 536 3732 idque
564 3678 605 3718 ec.
643 3661 727 3716 Sonat
780 3661 860 3728 tikel,
874 3661 940 3717 dari
954 3661 1015 3717 also
1034 3661 1113 3716 nicht
1131 3661 1220 3716 durch
1236 3661 1263 3714 is
1277 3661 1342 3716 wie·

168 3741 298 3792 erneuert
315 3737 346 3790 rd
360 3736 430 3791 eben
448 3735 502 3789 den
513 3731 726 3802 Verbalbegriff.
781 3731 959 3803 dergegebcn
974 3732 1094 3802 werden,
1113 3731 1234 3787 scudem
1252 3731 1343 3788 bleibt

167 3808 242 3862 Aber
261 3809 335 3863 ohne
354 3805 416 3862 eine
435 3806 530 3861 solche
545 3804 728 3873 Emenerung
781 3804 975 3872 unubersetut,
999 3803 1067 3858 oder
1089 3819 1155 3857 man
1173 3801 1342 3858 wiederbolt

167 3881 216 3934 des
235 3877 455 3949 Verbalbegriffs
478 3878 557 3932 steht
578 3892 632 3944 que
654 3874 727 3929 auch
781 3875 831 3928 das
859 3875 1078 3930 substantivum.
1122 3864 1264 3944 Ubrigens
1296 3871 1342 3927 fiel

166 3951 262 4022 Pelop.
286 3951 312 4005 II
350 3956 368 4003 4
399 3948 428 4003 iu
460 3949 510 4003 der
541 3945 725 4014 Verbindung
779 3948 828 4000 des
857 3945 1003 4016 Agesilaus
1036 3943 1241 4000 altlakonische
1270 3942 1341 4000 Sitte

165 3994 726 4148 11eiaterensem
779 4015 1342 4143 carpenterasensi:

165 4113 291 4232 MiltlmV,
309 4172 335 4220 4.
358 4108 477 4217 admi
540 4107 566 4215 d.
673 4130 681 4158 ’
779 4160 836 4213 und
851 4160 957 4214 seinem
971 4157 1053 4228 Siege
1067 4157 1253 4214 beifioronea
1267 4157 1341 4211 nach

205 4237 239 4305 ¹⁶)
257 4235 328 4290 Cum
349 4233 464 4288 interim
487 4230 574 4287 seriel
599 4229 642 4284 als
662 4246 725 4283 cnm
780 4229 873 4285 Haase
890 4228 965 4284 kam.

165 4309 262 4362 tamen
281 4306 348 4361 oder·
366 4321 430 4358 cum
449 4301 570 4372 quidem.
607 4300 663 4355 Der
680 4301 725 4354 In·
818 4301 850 4367 Π)
870 4299 1096 4369 ‚,Schmacbtig“.

166 4378 224 4432 dik.
234 4375 317 4447 folgt,
326 4373 392 4430 weil
400 4375 449 4429 der
459 4373 523 4427 Sata
534 4373 598 4428 dem
608 4372 726 4440 rotigen
818 4371 850 4441 ¹⁸)
869 4373 949 4425 Anm.
968 4390 990 4426 z.
1009 4370 1069 4426 Alc.
1088 4369 1109 4439 I,
1129 4376 1154 4425 8.
