2812 4786
171 165 214 230 26
549 165 608 220 vu.
636 163 861 220 ALCIBIADES.
885 169 910 219 o.
927 170 968 219 ιο.
1011 201 1016 209 .

170 329 244 394 loca
275 327 337 392 sibi
366 327 555 411 arbitratus,
582 325 712 413 penitus
740 326 774 389 in
797 293 990 390 Thraeciam
1018 347 1052 390 se
1080 347 1179 408 supra
1203 324 1349 409 Propon-

172 417 273 481 tidem
290 416 423 499 abdidit,
442 437 575 499 sperans
595 415 641 478 ibi
659 414 814 480 facillime
829 436 922 478 suam
940 414 1105 479 fortunam
1120 414 1223 479 occuli
1242 436 1348 498 posse.

137 521 154 570 a
174 502 236 570 Sed
255 504 425 585 Thraeces,
447 509 620 589 postquam
644 524 810 567 eumcum
833 523 953 586 magna
976 502 1111 586 pecunia
1129 503 1258 567 venisse
1279 525 1349 567 sen·

174 597 301 677 serunt,
323 593 457 658 insidias
484 593 632 658 fecerunt
655 613 769 676 eaque,
793 612 874 676 quae
898 594 1104 675 apportarat,
1132 591 1349 674 abstulerunt,

138 683 281 765 aipsum
304 703 417 765 capere
440 703 505 745 non
529 685 715 764 potuerunt.
760 679 819 743 Ille
843 701 975 744 cernens
999 679 1124 743 nullum
1153 681 1262 745 locum
1287 680 1349 745 sibi

173 774 280 835 tutum
295 770 330 833 in
344 769 479 835 Graecia
497 775 630 853 propter
648 769 827 852 potentiam
841 767 1172 833 Lacedaemoniorum
1191 768 1231 833 ad
1246 767 1348 832 Phar-

173 859 335 923 nabazum
356 858 391 922 iu
415 859 528 923 Asiam
551 857 698 922 transiit:
722 879 817 940 quem
842 856 970 940 quidem
994 857 1073 922 adeo
1098 880 1156 920 aua
1179 858 1268 940 cepit
1290 857 1348 921 hu·

173 947 347 1030 munitate,
370 950 407 1011 nt
429 969 503 1011 eum
526 968 620 1010 nemo
644 946 679 1009 in
702 944 845 1009 amicitia
869 945 1081 1009 antecederet.
1126 943 1278 1029 Namque
1306 947 1347 1010 ab

174 1057 211 1100 eo
236 1035 394 1120 Grynium
418 1040 600 1118 acceperat,
624 1056 663 1098 ex
687 1055 750 1116 quo
774 1034 1001 1119 quinquagena
1028 1034 1154 1098 talenta
1175 1035 1346 1119 vectigalis

137 1125 330 1207 4capiebat.
376 1122 446 1199 Qua
474 1124 607 1188 fortuna
635 1121 820 1186 Alcibiades
848 1144 914 1186 non
942 1129 1013 1186 erat
1040 1126 1211 1188 contentus
1242 1145 1346 1207 neque

173 1214 319 1277 Athenas
343 1212 445 1278 victas
469 1211 732 1276 Lacedaemoniis
757 1211 877 1275 servire
900 1215 1029 1294 poterat
1051 1212 1130 1294 pati.
1166 1210 1284 1296 ltaque
1308 1213 1347 1276 ad

137 1302 312 1385 tpatriam
341 1300 542 1365 liberandam
565 1300 655 1364 omni
682 1298 847 1363 ferebatur
878 1299 1084 1383 cogitatione.
1131 1298 1193 1364 Sed
1216 1300 1348 1365 videbat

173 1390 206 1454 id
230 1389 299 1452 sine
318 1409 394 1471 rege
414 1384 557 1472 Persen)
581 1410 647 1452 non
666 1409 762 1471 posse
779 1386 859 1472 fieri,
877 1386 1012 1470 ideoque
1032 1409 1105 1452 eum
1125 1388 1266 1453 amicum
1286 1390 1347 1453 sibi

173 1477 324 1560 cupiebat
352 1477 484 1561 adiungi
511 1498 615 1560 neque
641 1476 674 1540 id
703 1476 873 1539 dubitabat
900 1475 996 1540 facile
1025 1499 1059 1541 se
1088 1482 1348 1562 consecuturum,

173 1566 201 1629 si
225 1565 320 1630 modo
345 1566 413 1629 eius
437 1565 653 1630 conveniundi
680 1564 849 1629 habuisset
871 1568 1077 1647 potestatem.
1114 1562 1201 1629 Nam
1226 1563 1347 1649 Oyrum

173 1653 307 1718 fratrem
338 1655 368 1719 ei
400 1654 521 1719 bellum
557 1654 641 1719 clam
673 1675 788 1737 parare
820 1651 1083 1718 Lacedaemoniis
1116 1653 1346 1719 adiuvantibus

174 1743 311 1808 sciebat:
334 1743 367 1807 id
387 1743 415 1806 si
434 1743 623 1827 aperuisset,
646 1763 798 1827 maguam
817 1763 851 1805 se
870 1741 1027 1806 initurum
1046 1741 1184 1826 gratiam
1205 1742 1345 1809 videbat.

139 1846 152 1893 1
261 1831 302 1896 X.
337 1832 409 1897 Hoc
433 1853 507 1896 cum
535 1833 703 1896 moliretur
729 1834 916 1914 peteretque
944 1853 964 1894 a
986 1830 1212 1909 Pharnabazo,
1240 1836 1280 1895 ut
1309 1831 1347 1896 ad

172 1940 282 2003 regem
315 1921 513 2002 mitteretur,
543 1919 655 1984 eodem
687 1923 833 2001 tempore
862 1916 981 1983 Critias
1013 1920 1173 2003 ceterique
1203 1922 1244 2000 [a.
1265 1921 1343 2002 404]

173 2007 307 2091 tyranni
327 2007 574 2071 Atheniensium
594 2012 700 2072 certos
724 2006 870 2071 homines
894 2007 934 2071 ad
953 2005 1160 2092 Lysandrum
1177 2009 1211 2072 in
1230 2008 1345 2074 Asiam

173 2096 340 2175 miserant,
369 2095 423 2179 qui
448 2117 521 2159 eum
545 2096 714 2159 certiorem
738 2095 894 2177 facerent,
917 2097 983 2159 nisi
1006 2096 1211 2160 Alcibiadem
1239 2104 1344 2163 sustu-

172 2183 277 2267 lisset,
299 2183 382 2247 nihil
407 2206 518 2248 earum
540 2205 648 2248 rerum
672 2184 741 2249 fore
764 2187 881 2267 ratum,
904 2205 983 2267 quas
1010 2185 1079 2268 ipse
1104 2185 1243 2250 Athenis
1269 2208 1344 2251 cou-

173 2273 349 2338 stituisset:
373 2295 486 2357 quare,
510 2273 538 2336 si
562 2294 637 2336 suas
661 2293 712 2336 res
736 2275 846 2356 gestas
869 2294 1000 2337 manere
1024 2273 1133 2357 vellet,
1159 2274 1252 2338 illum
1275 2297 1344 2359 per·

137 2367 369 2446 asequeretur.
407 2361 468 2426 His
491 2359 579 2427 Laco
602 2362 700 2425 rebus
724 2364 906 2426 commotus
932 2363 1049 2426 statuit
1072 2363 1255 2427 accuratius
1281 2362 1344 2428 sibi

174 2451 335 2535 agendum
354 2473 426 2515 cum
446 2450 668 2515 Pharnabazo.
695 2449 781 2514 Huic
800 2471 877 2533 ergo
897 2450 1064 2514 renuntiat
1083 2473 1164 2535 quae
1183 2452 1252 2536 regi
1273 2474 1345 2517 cum

174 2539 438 2604 Lacedaemoniis
462 2536 631 2623 essentii),
654 2539 719 2603 nisi
742 2538 946 2603 Alcibiadem
969 2543 1026 2602 aut
1048 2540 1157 2603 vivum
1182 2547 1239 2603 aut
1261 2562 1345 2606 mor·

138 2632 267 2690 atuum
291 2629 352 2692 sibi
375 2627 570 2692 tradidisset.
601 2625 677 2691 Non
700 2627 777 2691 tulit
794 2623 926 2711 hunam)
950 2630 1096 2710 satrapes
1116 2632 1149 2691 et
1166 2651 1259 2692 suam
1279 2630 1344 2696 vio·

172 2716 234 2778 lari
257 2716 463 2780 clementiam
487 2738 584 2798 quam
607 2715 694 2792 regis
724 2737 802 2798 opes
825 2716 929 2780 minui
952 2716 1076 2781 maluit.
1113 2716 1227 2799 ltaque
1255 2718 1346 2782 misit

173 2801 408 2868 Susamithrem
427 2808 460 2866 et
472 2801 685 2887 Bagaeumh)
705 2803 746 2867 ad
761 2802 966 2867 Alcibiadem
984 2805 1251 2891 interficiendum,
1272 2828 1346 2872 cum·

137 2909 154 2954 4
173 2892 228 2955 ille
253 2899 338 2956 esset
360 2892 393 2955 iu
418 2891 559 2976 Phrygia
582 2891 707 2975 iterque
731 2892 771 2955 ad
794 2912 904 2976 regem
928 2899 1139 2976 compararet.
1173 2893 1236 2970 Qui
1259 2895 1343 2960 clam

171 2980 341 3064 vicinitati,
363 2980 398 3043 in
421 2987 577 3063 quatum
600 2979 784 3044 Alcibiades
809 2983 893 3062 erat,
916 2981 996 3044 dant
1018 2982 1186 3066 negotium
1211 2988 1248 3047 ut
1271 3006 1344 3048 eum

172 3068 375 3134 interficiant.
420 3067 476 3133 Illi
498 3091 571 3132 cum
594 3067 680 3133 ferro
704 3090 778 3132 eum
802 3069 936 3152 aggredi
959 3091 1025 3134 nou
1048 3070 1218 3154 auderent,
1245 3077 1344 3137 noctu

171 3158 261 3243 ligna
284 3159 492 3223 contulerunt
515 3158 600 3222 circa
621 3179 739 3241 casam,
762 3158 797 3222 iu
816 3179 880 3242 qua
898 3157 1092 3243 quiescebat,
1115 3180 1250 3243 eamque
1274 3183 1343 3226 suc-

173 3247 356 3330 cenderunt,
380 3252 417 3310 ut
439 3246 587 3312 incendio
608 3247 811 3329 conficerent,
835 3268 931 3330 quem
955 3269 1052 3311 manu
1076 3249 1223 3331 superari
1246 3270 1345 3331 posse

94 3381 113 3388 -.
136 3335 371 3400 tdiffidebant.
416 3333 477 3400 Ille
506 3339 614 3400 autem
646 3340 681 3399 ut
704 3336 813 3400 souitu
836 3336 984 3398 flammae
1008 3341 1058 3400 est
1081 3337 1256 3421 excitatus,
1281 3336 1345 3403 etsi

172 3422 299 3508 gladius
314 3425 428 3488 eierat
446 3424 631 3504 subductus,
650 3424 819 3488 familiaris
839 3424 890 3487 sui
909 3424 1059 3489 subalare
1077 3425 1179 3489 telum
1194 3426 1343 3509 arripuit.

127 3521 128 3525 ’
170 3509 320 3594 Namque
340 3519 410 3575 erat
428 3533 499 3576 oum
519 3534 557 3576 eo
577 3512 709 3595 quidam
728 3535 767 3576 ex
785 3512 925 3575 Arcadia
943 3512 1073 3598 hospes,
1092 3513 1147 3596 qui
1165 3536 1344 3598 numquam

171 3600 332 3664 discedere
360 3600 401 3663 ab
429 3622 466 3664 eo
494 3601 650 3665 voluerat.
695 3599 790 3665 Hunc
823 3600 914 3684 sequi
943 3622 976 3664 se
1009 3601 1100 3666 iubet
1127 3607 1160 3665 et
1190 3601 1224 3665 id
1258 3603 1345 3687 quod

172 3687 439 3752 vestimentorum
467 3692 579 3770 posset
609 3688 731 3753 afferre.
775 3687 837 3752 His
861 3690 894 3752 in
919 3688 1030 3772 ignem
1059 3690 1168 3755 eiectis
1192 3690 1343 3756 flammae

207 3896 243 4036 iil
262 3898 731 4034 tilletellillwlilbsslllt
803 3897 1345 4027 ,llatttlrltzlnttltt

171 4039 240 4106 „das
256 3985 486 4094 verhalmides
499 4011 612 4107 Konigs
624 4057 658 4093 zu
676 4041 731 4094 den
784 3988 887 4108 {erade
906 4039 967 4094 hier
984 4040 1096 4110 htufige
1119 4011 1165 4094 hic
1184 4043 1240 4111 vgl.
1260 4044 1342 4097 Anm.

169 4109 261 4165 Lao.“.
276 4109 333 4164 Der
342 4110 491 4164 Ausdruck
500 4110 601 4177 gehbrt
609 4109 730 4164 derVul·
784 4128 818 4165 zu
836 4110 909 4166 Milt.
927 4111 949 4178 I,
968 4116 993 4166 4.

190 4182 341 4250 brsprache
355 4199 400 4236 an.
419 4179 484 4250 Vgl.
499 4178 558 4235 Liv.
569 4181 642 4247 VlII,
651 4188 693 4249 25,
704 4187 729 4235 3.

170 4199 399 4321 bagegenfindea
409 4252 468 4306 sich
478 4268 523 4305 res
533 4250 604 4304 mihi
614 4254 657 4305 est
667 4269 730 4307 cum
820 4251 854 4320 ²⁶)
874 4252 958 4307 Jener
973 4252 1079 4321 Oheim,
1100 4253 1191 4308 dieser
1206 4256 1342 4310 unechter

170 4321 265 4390 aliquo
284 4324 356 4376 auch
375 4321 405 4376 in
424 4322 474 4377 der
492 4324 592 4378 beaten
611 4322 705 4377 Prosa.
783 4322 890 4379 Bruder
909 4322 957 4377 des
976 4323 1182 4380 Pharnabazus.
