2812 4786
118 184 162 250 50
473 187 534 244 XV.
567 185 843 244 EPAMINONDAS.
869 194 892 245 1.
912 194 937 243 2.

120 349 172 414 cui
204 349 344 414 maxime
376 348 520 414 habebat
552 350 662 432 fidem,
695 350 820 434 aliquot
847 350 960 415 diebus
989 353 1063 415 ante
1091 314 1301 418 venifcom-

117 439 331 524 pluribusque
345 439 426 504 locis
446 439 623 521 separatim
638 438 766 523 gladios
786 439 895 503 obruit
913 460 1014 524 eaque
1033 439 1106 504 loca
1120 440 1301 525 diligenter

115 530 221 593 notat.
244 526 320 610 Ipso
336 531 444 592 antem
459 526 614 612 colloquii
628 527 680 591 die
693 523 878 612 utriquew),
896 527 1004 593 locum
1018 528 1072 611 qui
1087 529 1302 611 explorarent

118 619 215 700 atque
241 617 331 699 ipsos
355 618 590 699 scrutarentur,
612 616 764 680 mittunt:
793 615 906 680 deinde
929 616 995 700 ipsi
1018 621 1094 681 sunt
1117 619 1301 702 congressi.

80 702 200 770 aslum
235 708 344 768 autem
372 703 569 788 aliquamdiu
600 703 634 769 in
663 704 824 789 colloquio
853 704 992 768 fuissent
1019 708 1053 768 et
1080 705 1199 771 diversi
1231 706 1300 791 dis·

118 792 293 858 cessissent
315 793 444 878 iamque
466 793 580 876 procul
598 792 754 857 Datames
778 793 919 876 abesset,
942 792 1162 879 Mithridates,
1185 793 1299 878 prius-

116 902 214 965 quam
242 881 283 946 ad
310 903 387 946 suos
414 881 611 966 perveniret,
638 880 674 945 in
697 881 832 945 eundem
856 880 963 946 locum
992 881 1166 946 revertitur
1194 885 1299 966 atque

115 968 172 1054 ihi,
195 970 252 1034 ubi
274 970 376 1035 telum
400 974 471 1034 erat
493 968 664 1052 infossum,
686 969 815 1053 resedit,
838 973 874 1033 ut
897 970 925 1034 si
948 970 1140 1034 lassitudine
1158 976 1299 1055 cuperet

115 1059 329 1142 acquiescere,
356 1057 593 1142 Datamemque
619 1058 794 1140 revocavit,
824 1057 984 1123 simulans
1012 1078 1045 1122 se
1074 1058 1230 1143 quiddam
1259 1060 1299 1126 in

79 1163 97 1210 4
116 1148 279 1232 colloquio
303 1168 373 1212 esse
397 1147 543 1212 oblitum.
588 1145 723 1210 Interim
746 1146 857 1227 telum,
881 1147 967 1231 quod
989 1147 1126 1228 latebat,
1151 1148 1300 1231 protulit

115 1236 339 1320 nudatumque
361 1236 481 1319 vagina
503 1237 592 1299 veste
614 1237 697 1299 texit
720 1256 757 1300 ac
779 1232 913 1299 Datami
935 1235 1078 1300 venienti
1101 1235 1159 1317 ait,
1183 1236 1298 1322 digre-

115 1323 257 1388 dientem
288 1345 323 1388 se
348 1322 613 1388 animadvertisse
642 1323 748 1389 locum
778 1323 952 1408 quendam,
983 1325 1038 1407 qui
1065 1327 1136 1388 erat
1157 1324 1193 1390 in
1218 1347 1298 1391 con·

77 1416 243 1495 espectu,
271 1413 312 1476 ad
341 1415 448 1477 castra
475 1411 625 1494 ponenda
652 1434 723 1477 esse
751 1411 912 1477 idoneum.
959 1410 1060 1487 Quem
1090 1434 1162 1477 cum
1186 1413 1297 1498 digito

114 1499 352 1565 demonstraret
366 1503 399 1564 et
412 1501 468 1565 ille
482 1501 664 1585 respiceret,
683 1521 830 1565 aversum
850 1500 936 1565 ferro
949 1500 1114 1565 transfixit
1126 1501 1311 1586 priusque,

113 1608 213 1670 quam
236 1589 408 1673 quisquam
431 1591 542 1673 posset
565 1609 763 1673 succurrere,
786 1589 957 1654 interfecit.
998 1587 1050 1652 Ita
1072 1589 1126 1653 ille
1150 1590 1212 1673 vir,
1236 1591 1296 1675 qui

112 1677 234 1742 multos
258 1678 409 1763 consilio,
437 1677 598 1742 neminem
621 1677 757 1761 perfidia
780 1673 971 1764 ceperant),
995 1678 1149 1742 simulata
1172 1684 1295 1763 captus

111 1768 162 1829 est
186 1766 336 1831 amicitia.

588 1891 800 1900 -———--·----

455 2050 531 2123 XV.
577 2049 937 2123 EPAMINONDAS.

76 2227 90 2274 1
200 2206 226 2271 Ι.
257 2205 364 2272 Venio
387 2227 473 2273 nunc
497 2206 538 2271 ad
556 2205 827 2291 Epaminondam,
845 2205 1046 2290 Polymnidis
1069 2205 1181 2292 filium,
1206 2206 1290 2274 The·

112 2295 242 2360 benum.
278 2294 327 2361 De
346 2295 408 2360 hoc
426 2296 615 2380 priusquam
635 2295 815 2381 scribimus,
833 2295 913 2360 haec
932 2293 1159 2379 praecipienda
1176 2295 1289 2362 viden·

112 2387 166 2448 tur
193 2385 383 2468 lectoribus,
412 2406 454 2448 ne
483 2384 606 2449 alienos
635 2405 742 2449 mores
772 2385 814 2448 ad
842 2405 918 2448 suos
944 2383 1100 2461 referant,
1131 2405 1216 2449 neve
1241 2407 1288 2472 ea,

111 2495 192 2557 quae
220 2474 300 2558 ipsis
329 2476 404 2538 sunt
431 2473 568 2557 leviora,
594 2473 666 2556 pari
693 2472 789 2538 modo
814 2471 899 2556 apud
922 2474 1047 2537 ceteros
1076 2471 1177 2538 fuisse
1202 2476 1284 2540 arbi·

77 2580 93 2628 2
112 2565 248 2628 trentur.
284 2561 409 2627 Musice
428 2562 557 2646 quidem
576 2560 697 2626 nostris
715 2561 860 2626 moribus
884 2560 978 2625 abest
1001 2583 1020 2625 a
1038 2560 1195 2644 principis
1214 2584 1284 2646 per·

113 2672 207 2730 sona,
236 2651 356 2715 saltare
384 2671 460 2715 vero
489 2651 588 2714 etiam
615 2651 649 2714 in
675 2649 762 2715 vitiis
784 2650 930 2733 ponitur:
961 2669 1043 2732 quae
1066 2648 1175 2714 omnia
1198 2652 1282 2735 apud

73 2758 88 2804 3
110 2737 253 2803 Graecos
277 2741 310 2802 et
333 2742 429 2823 grata
451 2743 484 2802 et
512 2739 606 2802 laude
629 2739 730 2824 digna
753 2738 920 2803 ducuntur.
966 2736 1048 2802 Cum
1071 2741 1180 2802 autem
1204 2739 1280 2805 ima-

109 2827 219 2912 ginem
253 2826 430 2910 exprimere
461 2827 704 2891 consuetudinis
738 2830 835 2910 atque
867 2827 953 2891 vitae
984 2825 1121 2891 velimus
1149 2826 1280 2911 Epami-

108 2915 245 2998 nondae,
267 2913 351 2978 nihil
369 2913 495 2978 videtur
513 2915 845 2999 praetermittendum,
864 2915 949 2998 quod
967 2914 1129 2998 pertineat
1150 2915 1192 2980 ad
1212 2938 1279 2982 eam

71 3003 341 3070 4declarandam.
388 3001 493 3078 Quare
517 3002 659 3067 dicemus
683 3002 824 3088 primum
848 3003 1027 3089 degenere
1056 3003 1138 3087 eius,
1167 3004 1279 3070 deinde

107 3092 224 3177 quibus
253 3091 433 3176 disciplinis
462 3096 495 3155 et
522 3113 542 3156 a
569 3091 687 3176 quibus
715 3093 760 3157 sit
789 3092 946 3175 eruditus,
974 3095 1044 3156 tum
1068 3091 1107 3156 de
1134 3093 1278 3159 moribus

105 3181 293 3267 ingeniique
315 3179 528 3246 facultatibus
557 3185 590 3245 et
614 3181 641 3244 si
665 3202 729 3266 qua
753 3177 851 3267 alia¹)
874 3180 1031 3245 memoria
1054 3179 1155 3265 digna
1177 3186 1277 3265 erunt,

104 3274 272 3354 postremo
296 3266 449 3334 derebus
469 3265 614 3356 gestis2),
638 3291 721 3353 quae
744 3269 930 3353 aplurimis
955 3269 1056 3334 animi
1079 3273 1277 3354 anteponun-

104 3367 158 3423 tur
181 3359 366 3423 virtutibus.

72 3463 86 3511 1
195 3446 237 3510 11.
272 3445 379 3512 Natus
401 3449 452 3511 est
473 3445 574 3531 igitur
595 3450 702 3531 patre,
726 3467 789 3529 quo
813 3445 968 3528 diximus,
991 3465 1109 3530 genere
1131 3446 1276 3525 honesto,

143 3635 177 3705 ³⁰)
197 3634 254 3690 Dae
269 3634 386 3704 Gefolge
404 3635 443 3690 ist
460 3636 513 3689 mit
529 3635 661 3706 gemeint.
717 3635 763 3690 die
786 3636 1031 3704 Verlenmdnngen
1060 3635 1150 3692 eeiner
1176 3637 1277 3693 Neider

102 3705 167 3808 Vgsl,
188 3707 290 3831 {anni3
298 3705 347 3773 IV,
366 3713 391 3830 ἰ.
467 3777 502 3830 ,t
554 3777 663 3830 Η.
717 3708 788 3761 daau
806 3723 977 3777 geawungen
994 3706 1097 3824 uurde.
1137 3812 1144 3824 .

96 3780 263 3916 .der,)weh⁵n
281 3792 597 3915 Idhltdhrddlhidht,zhid
609 3794 663 3902 ἐξ·
756 3812 775 3883 1)
795 3811 822 3867 Ζ·
835 3811 871 3894 .Βὶ
886 3812 1061 3882 9θῖθὸὠῦὴο
1080 3813 1274 3884 Bellehunssffl

102 3936 154 3988 pos
172 3918 290 3988 emthlt,
315 3935 365 3973 ans
388 3918 494 3973 blosser
514 3917 663 3987 Besorgnis
717 3900 773 3938 Μ
790 3883 940 3952 P⁰l¹¹⁵¹⁸⁰h⁰
959 3885 1095 3953 Stelhmg'

103 4007 154 4045 vor
179 3990 229 4045 der
250 3989 389 4060 Ungnade
416 3990 464 4045 des
490 3988 597 4059 Konigs
624 3989 664 4043 im
756 3987 777 4058 ¹)
795 3989 891 4059 Nepos
905 3988 967 4044 hale
980 3990 1104 4045 nachher
1122 3990 1200 4045 disse
1216 3990 1274 4045 Dis·

101 4059 663 4134 Falleeinesunglficklichenl'eldzuges
716 4061 840 4129 position
863 4061 942 4114 nicht
964 4062 1061 4130 strong
1084 4061 1151 4127 fest,
1179 4060 1274 4116 indem

101 4132 130 4186 in
149 4119 280 4202 hgypten
302 4149 351 4186 zur
368 4133 531 4255 Emptrung
556 4131 662 4200 schritt‚
717 4148 747 4184 er
769 4131 819 4213 das
846 4131 945 4185 meista
967 4149 1038 4214 zum·
1054 4131 1158 4186 letzten
1181 4131 1274 4214 Pnnlrt

102 4204 221 4257 sondern
233 4203 306 4257 nach
317 4203 366 4257 der
375 4201 415 4257 Ge
428 4201 664 4272 angennehmung
716 4201 856 4282 (lehtnge
879 4203 921 4256 als
944 4201 1069 4272 Beisprel
1080 4203 1148 4284 ,und
1167 4203 1274 4258 Bewers

102 4271 151 4328 des
164 4273 270 4344 Thuys,
289 4275 331 4328 als
349 4291 381 4329 er
398 4275 427 4328 in
446 4275 496 4328 der
510 4273 599 4328 Gunst
613 4273 662 4326 des
716 4272 977 4343 be1Besprechung
995 4274 1045 4329 der
1054 4272 1273 4343 Ehgenschalten

100 4343 208 4414 Konigs
228 4361 273 4398 am
294 4344 431 4401 hochsten
455 4344 552 4414 stand,
574 4344 662 4398 durch
715 4343 765 4397 des
783 4343 880 4414 Epam.
900 4345 1032 4401 eruthnt.
