2812 4786
529 199 603 258 XIV.
635 197 816 254 DATAMES.
841 203 864 251 1.
1232 197 1277 262 43

96 382 184 425 avus
209 384 318 427 muros
343 384 416 428 cum
439 363 581 429 maxima
604 363 710 447 gloria
728 383 767 426 ex
784 361 923 445 pecunia
943 384 962 426 a
979 361 1088 426 Persis
1112 358 1275 446 acceptal)

96 450 230 533 patriae
257 450 457 532 restituerat,
486 452 614 517 eosdem
643 473 743 536 nepos
775 472 847 516 eum
875 472 1003 515 summa
1030 450 1210 535 ignominia
1238 472 1277 514 ex

97 559 164 604 sua
186 560 221 603 re
242 538 395 605 familiari
417 542 548 607 reficere
571 543 702 606 coactus
726 543 784 606 est.
831 540 935 617 Quam
959 543 1067 603 autem
1086 538 1276 604 Timotheus
1295 555 1311 604 2

99 628 171 692 suis
201 649 294 693 carus
323 629 436 714 fuerit,
467 651 541 695 cum
573 630 676 693 multa
708 630 872 712 possimus
904 627 1048 713 proferre
1082 627 1278 710 testimonia,

99 738 170 782 uno
198 718 317 782 erimus
345 718 498 784 contenti.
544 716 626 784 Cum
649 716 789 791 Athenis
817 714 1110 803 adulescentulus⁸)
1136 718 1177 797 [a.
1197 716 1276 797 373]

101 827 236 870 causam
259 803 426 895 diceret9),
453 829 520 872 non
544 807 649 873 solum
673 807 792 889 privati
820 806 915 872 amici
943 810 1040 890 atque
1067 805 1213 888 hospites
1237 806 1277 869 ad

100 915 178 958 eum
192 894 427 960 defendendum
447 899 674 978 convenerunt,
693 895 864 960 sedetiam
882 896 917 960 in
934 896 975 960 iis
992 895 1099 972 lason,
1117 897 1276 978 tyrannus

100 981 305 1066 Thessaliae,
334 986 390 1069 qui
416 986 474 1050 illo
501 989 647 1069 tempore
675 984 739 1049 fuit
766 984 911 1049 omnium
939 983 1197 1067 potentissimus.
1243 981 1311 1047 Is3

100 1092 177 1136 cum
209 1072 244 1137 in
275 1074 384 1157 patria
416 1076 485 1138 sine
518 1073 714 1138 satellitibus
748 1095 781 1137 se
814 1077 922 1138 tutum
953 1095 1018 1137 non
1053 1072 1276 1154 arbitraretur,

99 1159 252 1226 Athenas
277 1162 345 1226 sine
372 1163 440 1235 ullo
463 1162 626 1246 praesidio
649 1161 738 1226 venit
766 1163 914 1246 tantique
937 1161 1099 1244 hospitem
1124 1161 1214 1243 fecit,
1240 1164 1277 1224 ut

99 1250 217 1314 mallet
249 1272 283 1315 se
315 1251 431 1335 eapitis
463 1252 641 1335 periculum
674 1250 764 1314 adire
792 1273 889 1335 quam
917 1248 1091 1314 Timotheo
1120 1249 1159 1313 de
1186 1249 1276 1314 fama

98 1338 270 1404 dimicanti
294 1340 412 1405 deesse.
454 1339 516 1406 Sed
539 1345 653 1405 tamen
677 1339 829 1404 adversus
853 1361 925 1404 eum
945 1338 1137 1404 Timotheus
1161 1342 1276 1423 postea

97 1428 217 1513 populi
247 1429 337 1493 iussu
368 1429 490 1494 bellum
520 1425 686 1514 gessit¹⁰):
718 1429 844 1513 patriae
877 1429 1044 1494 sanctiora
1075 1429 1147 1493 iura
1177 1449 1275 1511 quam

96 1516 236 1602 hospitii
259 1539 330 1582 esse
353 1517 453 1583 duxit.

190 1606 280 1672 Haec
304 1610 448 1671 extrema
465 1608 528 1671 fuit
547 1610 637 1671 aetas
656 1607 890 1690 imperatorum
904 1606 1167 1688 Atheniensium,
1185 1605 1274 1688 Iphi·
1293 1619 1311 1666 4

98 1694 211 1780 oratis,
225 1691 394 1779 Chabriae,
408 1694 585 1760 Timothei:
610 1717 713 1778 neque
727 1699 802 1778 post
815 1696 946 1760 illorum
962 1695 1087 1760 obitum
1104 1699 1274 1778 quisquam

98 1784 166 1848 dux
189 1784 225 1848 in
251 1784 310 1850 illa
334 1785 413 1850 urbe
439 1784 503 1850 fuit
527 1784 644 1868 dignus
668 1785 824 1849 memoria
846 1788 976 1868 praeter
997 1783 1209 1866 Phocionem,
1236 1783 1274 1847 de

95 1895 164 1957 quo
187 1872 272 1938 infra
295 1895 399 1958 pauca
422 1873 636 1938 narrabimus.

580 2071 792 2078 ——-—

498 2228 597 2303 XIV.
635 2231 872 2308 DATAMES.

186 2368 213 2433 I.
245 2367 348 2435 Venio
371 2391 457 2434 nunc
485 2370 526 2434 ad
549 2370 765 2434 fortissimum
789 2372 894 2435 virum
922 2370 1121 2454 maximique
1145 2370 1274 2435 consilii
1294 2381 1309 2429 1

96 2457 246 2522 omnium
287 2459 500 2523 barbarorum
509 2456 535 2544 1)
542 2509 551 2542 ,
593 2460 734 2543 exceptis
775 2458 900 2523 duobus
938 2457 1273 2543 Carthaginiensibus,

96 2545 284 2611 Hamilcare
307 2551 340 2612 et
362 2545 556 2612 Hannibale.
603 2547 651 2612 De
675 2570 738 2632 quo
767 2547 830 2612 hoc
852 2549 946 2631 plura
968 2547 1160 2633 referemus,
1187 2547 1273 2631 quod
1293 2558 1308 2605 2

97 2638 135 2700 et
152 2636 340 2701 obscuriora
359 2640 436 2701 sunt
459 2638 527 2701 eius
547 2642 639 2722 gesta
657 2637 819 2721 pleraque,
842 2640 875 2701 et
898 2658 946 2720 ea,
970 2657 1052 2721 quae
1071 2658 1225 2721 prospere
1244 2638 1274 2701 ei

97 2730 274 2807 cesserunt,
287 2747 357 2790 non
375 2727 550 2810 copiarum,
565 2726 620 2790 sed
636 2725 773 2809 consilii,
788 2728 937 2810 quotum
958 2747 1070 2791 omnes
1091 2726 1274 2810 superabat,

98 2814 326 2900 magnitudine
354 2815 552 2880 aeciderunt:
580 2836 717 2898 quorum
743 2814 808 2878 nisi
830 2810 951 2900 ratio²)
980 2815 1140 2900 explicata
1167 2815 1274 2898 fuerit,

97 2922 151 2966 res
173 2902 264 2986 ipsae
287 2924 442 2988 apparere
465 2925 532 2969 non
555 2907 717 2987 poterunt.

188 2991 358 3072 Datames,
381 2995 474 3076 patre
498 2991 676 3076 Camisare,
701 2992 833 3057 natione
857 2989 954 3076 Care,
978 2995 1082 3056 matre
1106 2991 1308 3076 Scythissae

96 3085 208 3163 natus,
237 3080 378 3165 primum
406 3081 440 3144 in
462 3102 597 3146 numero
625 3080 690 3146 fuit
717 3081 804 3165 apud
827 3082 1039 3145 Artaxerxem
1063 3102 1189 3164 eorum,
1218 3081 1273 3164 qui

136 3306 260 3374 ⁷)Siehe
280 3307 345 3362 Con.
364 3307 412 3374 IV,
432 3313 456 3363 5.
711 3308 826 3377 Mangel
858 3325 894 3362 an
921 3306 993 3361 Geld
1025 3306 1071 3361 die
1103 3304 1273 3374 Expeditior

136 3413 158 3483 ⁸)
175 3411 519 3469 crassivenium
534 3415 583 3470 ast·
606 3414 657 3470 9³⁰
708 3376 1180 3520 fiiiifaiiiffiiiiiiurd},widi
1207 3395 1272 3503 did

95 3482 295 3610 25²⁰?th
309 3484 383 3541 adal·
402 3485 441 3540 m
464 3485 561 3540 darum
579 3485 659 3541 mhi
711 3522 808 3590 Epam.
819 3520 866 3590 VI,
882 3526 896 3574 1
917 3522 1080 3576 erwthnten
1095 3519 1272 3575 Callistratus

139 3571 197 3611 ⁸⁰·
711 3592 770 3646 und
792 3594 856 3646 dem
882 3591 941 3646 ihm
969 3592 1094 3647 nachher
1116 3593 1272 3647 verschat·

136 3661 158 3730 ⁹)
177 3660 232 3717 Der
245 3668 299 3718 ³74
312 3662 547 3732 abgeschloesene
558 3662 657 3718 Friede
712 3666 810 3733 gerten
829 3666 900 3733 (cap.
920 3663 972 3731 III,
992 3667 1020 3733 2)
1044 3661 1200 3732 Iphicrates
1217 3679 1273 3717 we-

98 3733 173 3802 (cap.
190 3732 216 3801 I,
234 3736 262 3803 3)
289 3734 369 3789 hatte
396 3734 498 3789 keinen
525 3736 657 3802 Restant,
712 3753 767 3805 gen
789 3735 1066 3789 Pflichtvers‘aumnis
1091 3734 1149 3789 und
1173 3734 1273 3790 Unter·

96 3803 136 3856 da
154 3803 200 3858 bei
221 3805 275 3858 den
293 3805 522 3875 Parteikhmpfen
544 3804 575 3858 in
593 3805 657 3860 Cor·
713 3807 869 3876 schlagung
897 3806 1073 3861 offentlicher
1095 3805 1198 3860 Gelder
1223 3821 1272 3858 an·

97 3889 166 3942 cyra
183 3874 228 3930 die
247 3875 377 3945 dortigen
394 3875 590 3931 Aristokraten
612 3876 657 3930 die
712 3877 836 3947 geklagt.

97 3944 317 4028 midamffiier
339 3965 387 4030 ΨΜ
408 3947 541 4030 B‘iitffid
563 3947 657 4036 balffi·
749 3966 784 4037 10)
802 3967 858 4021 Das
873 3965 984 4020 Ntthere
998 3965 1129 4020 hierfiber
1141 3964 1180 4018 ist
1193 3963 1272 4018 nicht

96 4015 173 4070 Werl
190 4034 249 4070 nun
262 4017 426 4089 Mnasrppus
445 4019 490 4073 dre
508 4017 659 4086 Corcyraer
712 4037 844 4092 bekannp·

95 4087 162 4142 hart
187 4087 357 4158 bedrangte,
382 4090 480 4172 surde
505 4087 577 4144 auch
601 4107 658 4144 von
751 4143 760 4174 1
1038 4148 1050 4160 ..

97 4157 152 4212 den
183 4160 327 4215 Athenern
364 4177 409 4214 ern
445 4160 573 4229 H1lfscug
609 4161 657 4214 be·
760 4145 771 4215 )
797 4143 891 4214 N0P⁰⁸
919 4142 1008 4197 denk'l
1034 4141 1192 4211 Ubssrhaupi
1219 4160 1272 4196 nur

96 4229 251 4286 schlossen.
280 4232 443 4286 Timotheus
459 4233 540 4286 sollte
555 4231 659 4286 wieder
712 4231 748 4268 ω]
775 4215 871 4281 duffii
902 4214 982 4296 UAPhi
1008 4214 1080 4296 ⁰²³ss
1108 4230 1144 4267 θ’]
1175 4230 1271 4296 ζθὲθθῖ

95 4317 144 4354 um
158 4299 392 4372 &01201090111193
410 4303 506 4372 ,egem
519 4302 577 4356 und
591 4301 658 4356 001.
713 4288 791 4339 sonet
809 4292 884 4341 ware
903 4303 961 4340 sem
975 4284 1065 4339 Urterl
1083 4285 1270 4342 fibertrreben.

96 4387 165 4440 cyra
182 4375 333 4442 entsetaen,
352 4375 458 4429 konnte
476 4376 543 4429 aber
560 4389 658 4444 wegen
750 4373 770 4444 ²)
789 4374 1078 4444 „Znsammenhang“.
