2812 4786
511 183 532 238 I.
559 181 763 239 MILTIADES.
788 190 813 239 2.
833 190 858 240 8.
1249 183 1270 248 3

100 350 192 416 colas
211 349 279 413 eius
297 346 422 411 insulae
442 346 502 411 sub
519 348 717 430 potestatem
736 346 881 433 redigere
899 347 998 413 uellet
1011 347 1269 434 Atheniensium,

100 440 199 524 idque
225 435 352 501 Lemnii
379 457 438 500 sua
465 438 580 519 sponte
608 436 752 500 facerent
778 437 988 522 postulasset,
1017 437 1067 502 illi
1097 435 1268 503 irridentes

100 525 336 612 responderunt
363 527 433 589 tum
462 545 497 588 se
523 524 684 606 facturos,
711 545 782 588 eum
810 524 867 589 ille
895 525 991 591 domo
1024 526 1162 592 navibus
1194 538 1305 611 pro-o

100 619 204 682 fectus
232 618 328 680 vento
356 613 508 697 aquilone
532 613 643 678 eodem
671 613 723 678 die
745 613 888 678 venisset
910 614 1076 681 Lemnum.
1120 615 1153 681 ls
1182 616 1268 682 enim

99 709 215 773 ventus
238 704 280 768 ab
304 701 580 786 septentrionibus
604 702 710 767 oriens
734 701 905 767 edversum
927 708 1017 769 tenet
1034 704 1173 770 Athenis
1194 726 1267 789 pro-

97 793 328 859 ficiscentibus.
359 790 524 855 Miltiades
543 791 692 856 morandi
710 795 838 875 tempus
857 813 929 856 oum
946 814 1013 858 non
1030 793 1175 876 heberet,
1197 815 1267 860 cur-
1286 805 1302 853 6

97 906 170 948 sum
194 881 333 964 derexit,
355 902 418 964 quo
441 879 605 958 tendebat,
627 880 837 964 pervenitque
860 878 1106 948 Chersonesum.

188 969 232 1035 ΙΙ.
276 969 328 1034 Ibi
350 968 440 1034 brevi
467 971 614 1052 tempore
641 968 855 1034 barbarorum
883 970 983 1053 copiis
1012 971 1168 1054 disiectis,
1195 975 1300 1038 totar

98 1061 243 1145 regione,
262 1079 359 1142 quam
375 1057 522 1142 petierat,
539 1058 673 1142 potitus,
691 1058 765 1124 loca
778 1057 922 1123 castellis
938 1058 1054 1125 idonea
1069 1061 1267 1142 communiit,

101 1146 353 1230 multitudinem,
376 1168 474 1230 quem
492 1167 600 1211 secum
618 1146 762 1228 duxerat,
784 1147 818 1211 in
838 1148 925 1230 agris
945 1148 1117 1214 collocavit
1135 1149 1268 1214 crebris·

103 1259 165 1322 que
193 1234 433 1301 excursionibus
461 1235 680 1319 locupletarit
724 1233 839 1320 Neque
867 1235 974 1301 minus
1001 1237 1036 1302 in
1064 1259 1102 1302 ea
1130 1259 1165 1302 re
1192 1250 1303 1321 pru-2

100 1325 210 1390 dentia
233 1346 331 1408 quam
353 1323 509 1388 felicitate
533 1323 661 1390 adiutus
685 1328 744 1390 est.
780 1323 866 1388 Nam
890 1346 963 1390 oum
985 1327 1105 1391 virtute
1128 1327 1267 1391 militum

97 1414 270 1479 devicisset
297 1412 442 1477 hostium
469 1412 643 1497 exercitus,
672 1434 798 1478 summa
826 1415 987 1499 aequitate
1014 1437 1066 1480 res
1089 1415 1267 1481 constituit.

95 1503 181 1568 Erat
199 1501 286 1568 enim
304 1501 390 1565 inter
405 1522 460 1566 eos
479 1502 639 1588 dignitate
654 1502 753 1587 regia,
767 1524 962 1586 quamquam
977 1505 1109 1569 carebat
1126 1505 1267 1589 nomine,
1286 1517 1302 1565 3

95 1600 200 1675 neque
231 1587 298 1676 id⁸)
332 1591 437 1674 magis
473 1591 608 1674 imperio
642 1612 739 1675 quam
770 1592 904 1655 iustitis.
949 1590 1063 1677 Neque
1096 1614 1133 1658 eo
1167 1595 1267 1659 setius

96 1679 351 1744 Atheniensibus
375 1679 483 1744 officia
505 1680 702 1764 praestabat.
748 1679 872 1755 Quibus
895 1679 992 1744 rebus
1016 1681 1117 1746 fiebat
1139 1684 1177 1745 ut
1199 1703 1265 1746 non

97 1769 206 1833 minus
240 1789 350 1833 eorum
378 1769 545 1834 voluntate
573 1771 767 1852 perpetuum
799 1767 971 1852 imperium
1002 1769 1180 1854 obtineret,
1212 1771 1267 1853 qui

96 1858 269 1941 miserant,
291 1879 388 1942 quem
411 1857 556 1935 illorum,
579 1878 652 1922 cum
676 1857 792 1942 quibus
816 1860 886 1922 erat
912 1858 1086 1942 profectus.
1132 1856 1266 1923 Cherso-
1285 1871 1302 1919 4

98 1968 179 2012 neso
198 1947 377 2012 constituta
394 1944 554 2011 Lemnum
572 1947 745 2011 revertitur
763 1949 796 2011 et
814 1950 966 2030 expecto
985 1949 1131 2031 postulat
1149 1951 1187 2012 ut
1205 1947 1267 2013 sibi

96 2036 211 2100 urbem
232 2034 377 2100 tradant:
401 2057 435 2099 se
454 2035 538 2099 enim
558 2034 689 2101 domum
707 2034 901 2100 Chersonesi
918 2036 1046 2101 habere.
1083 2035 1191 2121 (lares,
1210 2037 1266 2122 qui
1286 2049 1303 2099 5

97 2129 167 2188 tum
187 2123 343 2189 Lemnum
367 2123 561 2208 incolebant,
584 2125 647 2190 etsi
669 2128 798 2209 praeter
817 2125 1003 2208 opinionem
1026 2147 1078 2190 res
1098 2126 1267 2210 ceciderat,

95 2217 206 2278 tamen
230 2213 370 2278 secunde
391 2213 524 2278 fortuna
547 2213 803 2279 adversariorum
823 2213 911 2299 capti
934 2235 1006 2279 cum
1029 2216 1178 2280 resistere
1200 2236 1267 2280 non

97 2301 265 2383 auderent,
290 2323 329 2366 ex
351 2303 459 2367 insula
482 2302 714 2388 demigrarunt.

185 2389 244 2455 III.
289 2389 396 2456 Isdem
424 2388 659 2478 temporibus9)
687 2391 861 2455 Persarum
888 2412 944 2454 rex
971 2388 1090 2455 Darius
1120 2413 1158 2455 ex
1186 2390 1301 2455 Asia1

96 2479 321 2564 inEuropam
349 2481 492 2545 exercitu
513 2481 649 2545 traiecto
674 2478 802 2563 Scythis
824 2479 946 2543 bellum
974 2478 1094 2543 inferre
1117 2479 1267 2544 decrerit.

97 2567 189 2632 Fecit
214 2569 248 2633 in
274 2567 361 2634 Istro
388 2568 521 2634 flumine
549 2571 695 2652 pontem,
723 2589 786 2651 quo
809 2567 920 2650 copias
951 2568 1142 2634 traduceret
1186 2567 1267 2633 Eius

97 2656 222 2740 pontis,
251 2656 326 2722 dum
357 2658 427 2741 ipse
460 2658 602 2742 abesset,
634 2657 782 2722 custodes
814 2656 944 2742 reliquit
975 2657 1152 2742 principes,
1185 2679 1264 2742 quos

98 2767 206 2809 secum
230 2767 269 2810 ex
286 2745 380 2811 Ionia
399 2753 431 2811 et
450 2746 583 2812 Aeolide
606 2745 754 2820 duxeratz
778 2746 894 2830 quibus
913 2745 1049 2830 singulis
1067 2748 1137 2831 ipse
1156 2769 1265 2812 earum

95 2834 226 2898 urbium
233 2830 272 2921 l⁰)
289 2839 447 2919 perpetua
461 2836 593 2900 dederat
612 2835 756 2919 imperis.
784 2833 837 2901 Sic
852 2835 938 2899 enim
956 2836 1113 2901 facillime
1130 2835 1267 2921 putabat
1285 2848 1301 2897 2

96 2945 131 2988 se
160 2928 280 2988 Graeca
310 2924 423 3009 lingua
454 2926 636 3009 loquentes,
665 2925 720 3009 qui
747 2923 862 2989 Asiam
894 2924 1084 3006 incolerent,
1117 2925 1177 2990 sub
1209 2946 1268 2989 sua

96 3016 297 3077 retenturum
319 3016 492 3097 potestate,
516 3014 543 3078 si
567 3013 678 3079 amicis
701 3014 767 3078 suis
787 3012 906 3097 oppida
928 3014 1048 3078 tuenda
1070 3012 1265 3094 tradidisset,

96 3101 213 3184 quibus
232 3122 267 3165 se
286 3122 441 3185 oppresso
460 3103 551 3167 nulla
570 3123 644 3187 spes
663 3101 777 3167 salutis
795 3102 1039 3186 relinqueretur.
1072 3100 1134 3166 Sed
1152 3095 1266 3185 illicfl)
1285 3115 1301 3162 3

97 3210 170 3254 cum
193 3190 297 3255 crebri
316 3190 469 3256 afferrent
487 3191 603 3274 nuntii,
625 3191 709 3255 male
727 3213 796 3256 rem
815 3211 926 3275 gerere
944 3188 1081 3254 Darium
1098 3188 1265 3276 premique

98 3299 119 3341 a
141 3276 286 3363 Scythis,
308 3277 486 3364 Miltiades,
510 3280 566 3364 qui
589 3283 659 3345 erat
681 3280 767 3344 inter
789 3279 899 3363 pontis
923 3277 1089 3362 custodes,
1116 3277 1266 3343 hortatus
1305 3330 1308 3337 .

98 3368 151 3430 est
172 3370 307 3446 ceteros,
329 3390 370 3432 ne
394 3391 414 3433 a
436 3369 568 3433 fortune
591 3367 702 3433 datam
729 3368 931 3433 occasionem
957 3366 1142 3433 liberandae
1166 3365 1264 3430 Grae·

97 3453 168 3519 ciae
191 3454 398 3521 dimitterent.
434 3456 520 3522 Nam
545 3457 572 3521 si
595 3478 668 3521 eum
690 3453 804 3543 illisffl)
828 3453 930 3539 copiis
952 3454 1120 3521 interisset
1137 3455 1266 3539 Darius,
1284 3471 1302 3518 4

95 3564 163 3608 non
190 3544 296 3610 solum
325 3544 493 3631 Europam
519 3546 589 3610 fore
615 3548 737 3632 tutam,
765 3545 822 3609 sed
849 3544 962 3629 etiam,
989 3545 1045 3631 qui
1072 3543 1187 3609 Asiam
1218 3544 1267 3608 in-

95 3717 252 3773 amicitiam
274 3718 354 3776 Eum.
374 3721 443 3787 1,4.
480 3721 515 3774 ad
541 3737 656 3774 manum
710 3724 771 3776 500.
806 3721 864 3775 Der
887 3719 1064 3789 Scythenzug
1091 3719 1140 3773 des
1168 3717 1268 3773 Darius

94 3787 177 3844 Eum.
192 3790 225 3858 V,
244 3797 270 3846 2.
295 3791 332 3846 ad
350 3789 498 3847 consilium
515 3791 588 3846 Milt.
606 3791 656 3857 III,
710 3793 790 3846 hatte
808 3789 947 3846 zwischen
966 3794 1019 3844 olo
1037 3790 1094 3844 und
1113 3794 1166 3844 508
1188 3789 1266 3843 statt.

96 3866 122 3916 5.
159 3859 270 3916 Ebenso
298 3861 346 3917 bei
372 3861 464 3918 einem
495 3862 657 3917 saohlichen
709 3862 809 3917 Darius
828 3859 976 3930 Hystaspis
994 3866 1146 3915 uer-485.

96 3931 217 4002 Subjekt
230 3931 260 3986 in
275 3932 324 3987 der
338 3933 505 4003 Bedeutuug
519 3931 591 4003 „(als
605 3933 656 3986 Zu-
748 3933 782 4003 ¹⁰)
796 3932 907 4006 Earum,
917 3934 944 3985 d.
954 3932 982 3986 h.
993 3932 1042 3986 der
1055 3932 1200 3986 ionischen
1209 3927 1267 4009 und

95 4003 201 4071 wacho)
221 4002 454 4060 hinznlrommen“
474 4004 575 4058 Timol.
583 4003 616 4072 V,
631 4010 655 4059 1.
710 4003 862 4059 tolisohen.
886 3997 1026 4058 Ahnliche
1040 3998 1267 4071 ungenauigkut

135 4074 156 4141 8)
183 4074 248 4156 Wie
274 4077 355 4145 isque
374 4101 408 4122 ι-
426 4076 483 4130 und
497 4092 597 4158 ‘swam
625 4091 655 4129 so
710 4076 770 4179 wip¹
782 4073 829 4142 IV,
848 4081 864 4130 2
883 4073 941 4158 und
958 4073 993 4142 V,
1011 4079 1037 4128 2.

95 4161 237 4272 ffiuq
250 4145 657 4274 Tuuddiddtffluiffhiifldd
711 4144 1025 4285 suldddlsshhld
1032 4143 1103 4284 tlt
1117 4141 1268 4295 {libii

95 4302 197 4428 gappeL
203 4288 621 4416 vorhergegangenqfiqhtqsqage.
749 4288 783 4358 19)
800 4288 853 4344 Die
868 4305 899 4343 er
916 4283 1048 4413 prithqrtqlp
1065 4284 1135 4340 dber
1149 4284 1194 4338 dre
1208 4282 1265 4338 Do·

201 4375 297 4415 emnos
315 4376 435 4431 gewann
529 4376 658 4416 aerum
710 4377 766 4414 nau
783 4375 915 4430 genomm
931 4375 950 4411 n
1046 4396 1054 4410 .

1015 4443 1053 4497 1*
