2812 4786
565 123 598 178 X
622 123 720 182 DION.
739 129 766 178 2.
781 131 806 179 3.
1233 123 1276 189 33

94 288 327 374 thaginienses
343 286 471 371 quidem
486 308 560 352 eum
573 309 593 352 a
608 285 766 371 Dionysio
785 287 919 351 missum
939 287 986 352 sic
1003 292 1225 372 suspexerunt,
1240 292 1278 352 ut

94 378 266 442 neminem
292 398 445 462 umquam
474 374 598 441 Graeca
625 377 738 461 lingna
769 375 956 460 loquentem
989 376 1094 461 magis
1127 377 1192 441 sint
1222 377 1277 442 ad·

95 465 224 531 mirati.

191 553 233 621 II.
269 553 382 637 Neque
410 574 485 618 vero
508 550 717 638 Dionysium,
740 557 861 638 quanto
889 553 945 618 ille
973 552 1037 618 sibi
1064 557 1151 619 esset
1178 570 1309 619 orna-1

95 646 229 723 mento,
255 641 412 728 fugiebat.
458 640 529 717 Quo
555 641 656 706 fiebat
683 644 720 706 ut
742 647 798 706 uni
824 642 900 707 huic
928 642 1068 708 maxime
1091 640 1273 728 indulgeret

97 754 207 817 neque
227 754 300 797 eum
319 752 410 796 secus
428 731 579 816 diligeret
598 751 636 796 ac
650 731 761 795 filium.
790 729 960 796 Platonem
975 735 1083 797 antem
1097 731 1273 796 Tarentum
1294 747 1310 796 2

98 822 231 888 venisse
249 820 338 885 fama
352 820 387 884 in
401 817 545 885 Siciliam
563 820 699 902 perlata,
712 841 786 885 cum
799 817 886 885 Dion
900 821 969 886 cius
987 820 1138 885 audiendi
1152 821 1273 904 cupidi-

96 915 172 976 tate
188 911 353 994 dagramt,
370 931 411 973 ne
431 908 628 974 adulescenti
647 908 776 992 quidem
794 906 975 992 potuerat⁹)
993 930 1123 995 negare,
1144 910 1271 990 [aeas]

98 1000 183 1084 quin
209 1020 283 1063 eum
311 1001 495 1063 arcesseret.
541 997 643 1073 Quem
667 996 754 1062 Dion
782 998 861 1063 adeo
891 998 1068 1062 admiratus
1098 1003 1148 1063 cst
1176 1003 1310 1083 atquae

101 1088 282 1166 adamavit,
305 1090 341 1151 ut
367 1089 474 1152 toturn
498 1108 531 1152 se
555 1086 585 1150 ei
611 1085 762 1151 traderet.
807 1085 921 1170 Neque
945 1108 1020 1151 vero
1048 1087 1155 1151 minus
1180 1086 1275 1152 Plato

102 1177 285 1242 delectatus
309 1178 359 1240 est
380 1174 495 1254 Dione.
540 1172 654 1259 Itaque
677 1197 751 1239 cum
775 1197 794 1239 a
817 1180 955 1258 tyranno
980 1174 1152 1240 crudeliter
1176 1176 1274 1240 viola·

103 1270 158 1330 tus
180 1267 279 1349 esset,
302 1263 421 1347 quippe
444 1264 500 1347 qui
524 1285 595 1329 eum
619 1264 808 1328 venumdari
831 1264 996 1346 iussisset,
1018 1266 1129 1329 tamen
1152 1260 1274 1351 possm)

102 1353 217 1419 eodem
245 1353 342 1417 rediit
369 1353 513 1417 eiusdem
542 1351 656 1417 Dionis
684 1353 831 1436 precibus
864 1353 1029 1418 adductus.
1074 1351 1208 1418 Interim
1240 1352 1312 1417 inu

99 1443 252 1508 morbum
274 1441 389 1506 incidit
407 1441 593 1526 Dionysius.
631 1440 701 1516 Quo
726 1464 798 1507 cum
822 1443 915 1528 gravi
923 1439 961 1528 11)
986 1442 1114 1507 conflic·
1138 1445 1180 1523 [a.
1195 1442 1273 1522 367]

98 1535 240 1612 taretur,
264 1529 424 1617 quaesivit
442 1552 461 1593 a
479 1530 612 1595 medicis
629 1528 729 1615 Dion,
754 1553 849 1615 quem
869 1531 909 1594 ad
928 1530 1060 1596 modum
1079 1553 1113 1595 se
1133 1531 1277 1615 haberet,

102 1621 264 1704 simulque
287 1619 388 1684 abiis
407 1620 511 1704 petiit,
534 1618 562 1684 si
580 1619 664 1683 forte
684 1620 807 1684 maiore
826 1624 911 1684 esset
928 1619 1074 1703 periculo
1082 1617 1131 1704 18),
1154 1629 1191 1684 ut
1211 1620 1275 1684 sibi

98 1709 296 1774 faterentur:
319 1708 403 1772 velle
427 1729 461 1772 se
485 1730 557 1773 oum
581 1729 618 1773 co
638 1708 777 1791 colloqui
796 1708 834 1772 de
852 1708 1022 1793 partiendo
1041 1729 1152 1792 regno.
1188 1708 1219 1773 N
1223 1730 1275 1772 am
1352 1708 1358 1720 '

99 1797 226 1863 sororis
249 1819 325 1862 suae
347 1797 433 1862 filios
457 1819 496 1862 ex
518 1797 577 1861 illo
604 1799 701 1862 natos
724 1800 850 1880 partem
873 1796 993 1861 habere
1022 1798 1115 1881 regni
1138 1797 1276 1880 putabat

101 1889 264 1970 oportere.
307 1884 347 1949 Id
374 1886 489 1951 medici
517 1907 583 1950 non
610 1889 782 1950 tacuerunt
813 1892 846 1950 et
877 1886 918 1950 ad
945 1883 1138 1969 Dionysium
1171 1885 1311 1950 filiumc

100 1997 284 2041 sermonem
308 1975 512 2039 rettulerunt.
549 1973 619 2050 Quo
642 1974 698 2038 ille
721 1979 975 2060 commotaque
999 1975 1116 2060 agendi
1139 1996 1212 2039 cum
1236 1996 1274 2039 eo

58 2121 60 2125 .
101 2067 193 2128 esset
208 2062 308 2128 Dioni
331 2067 487 2147 potestas,
511 2063 597 2146 patri
621 2084 773 2145 soporem
795 2064 936 2129 medicos
955 2064 1032 2128 dare
1052 2064 1167 2148 co‘e'git.
1201 2061 1274 2129 Hoc

102 2172 202 2236 aeger
223 2157 353 2234 sumpto
378 2153 502 2236 sopitus
525 2152 611 2216 diem
634 2152 716 2216 obiit
739 2149 979 2236 supremumffl).

192 2239 251 2306 III.
279 2239 351 2305 Hoc
369 2240 498 2305 initium
516 2240 581 2305 fuit
594 2239 708 2305 Dionis
728 2244 761 2305 et
775 2239 926 2325 Dionysii
943 2241 1076 2305 minoris
1096 2241 1271 2305 simultatis
1295 2253 1309 2300 1

100 2351 206 2414 eaque
229 2330 339 2394 multis
367 2329 464 2394 rebus
489 2334 584 2394 aucta
607 2333 665 2394 est.
711 2326 772 2393 Sed
795 2334 904 2394 tamen
933 2329 1048 2414 primis
1072 2329 1273 2411 temporibus

101 2419 304 2502 aliquamdiu
329 2418 482 2482 simulata
503 2418 590 2483 inter
611 2439 666 2482 eos
690 2418 835 2482 amicitia
859 2418 987 2481 mansit.
1024 2415 1169 2500 Oumque
1187 2415 1275 2482 Dion

100 2528 170 2572 non
194 2507 365 2571 desisteret
388 2508 556 2572 obsecrare
579 2505 789 2590 Dionysium,
811 2511 848 2571 ut
871 2505 1038 2569 Platonem
1062 2505 1201 2569 Athenis
1226 2528 1274 2569 ar-

101 2600 244 2661 cesseret
267 2600 300 2660 et
322 2596 390 2660 eius
413 2595 558 2661 consiliis
580 2599 734 2679 uteretur,
755 2595 827 2679 illc,
850 2595 905 2679 qui
928 2595 962 2658 in
986 2593 1096 2679 aliqua
1119 2615 1153 2658 re
1176 2594 1275 2658 vellet

102 2689 230 2768 patrem
249 2684 381 2767 imitari,
400 2706 522 2749 morem
537 2685 565 2748 ei
585 2684 687 2768 gessit
706 2703 888 2767 magnaque
901 2684 994 2748 illum
1010 2705 1083 2748 cum
1098 2683 1275 2748 ambitione

102 2769 280 2857 Syracusas
303 2774 461 2856 perduxit.
508 2772 570 2838 Sed
594 2773 707 2837 eodem
729 2776 875 2856 tempore
897 2771 1074 2837 Philistum
1082 2770 1120 2859 14)
1143 2772 1310 2836 hieron-2

104 2883 179 2926 cum
206 2860 385 2946 Syracusas
414 2862 554 2941 reduxit,
581 2862 745 2926 hominem
774 2863 913 2928 amicum
939 2884 1007 2926 non
1034 2866 1103 2927 tam
1133 2867 1275 2945 tyranno

103 2971 202 3034 quam
224 2949 430 3036 tyrannis1⁵),
454 2951 493 3016 de
515 2973 578 3035 quo
600 2952 635 3015 in
658 2973 696 3015 co
719 2951 802 3015 libro
825 2952 921 3035 plura
945 2955 1021 3015 sunt
1044 2952 1200 3035 exposita,
1220 2950 1276 3033 qui

103 3039 143 3104 de
175 3040 338 3105 historicis
370 3039 502 3105 Graecis
535 3039 736 3123 conscriptus
770 3044 819 3104 est
830 3037 879 3127 16).
927 3038 1043 3124 Itaque
1076 3061 1149 3103 eum
1180 3038 1310 3102 Plat03

104 3131 233 3193 tantum
257 3129 342 3212 apud
364 3127 556 3212 Dionysium
580 3129 773 3194 auctoritate
795 3132 919 3213 posset,
942 3131 979 3191 ut
1002 3128 1031 3191 ei
1058 3127 1276 3211 persuaderet,

105 3223 141 3281 ut
163 3216 346 3302 tyrannidis
364 3217 484 3282 faceret
502 3216 601 3281 finem
621 3217 867 3301 libertatemque
886 3216 1034 3280 redderet
1054 3213 1276 3298 Syracusanis,

142 3443 241 3514 ⁹)Das
254 3442 443 3513 Plusquamp.‚
462 3445 527 3498 weil
543 3445 605 3499 hier
619 3443 665 3499 ein
719 3444 755 3499 So
780 3443 874 3513 gleieh
898 3442 1022 3497 naehher
1048 3444 1097 3498 der
1125 3441 1276 3498 Gebrauoh

104 3514 323 3584 Zun'ickgreifen
337 3515 367 3570 in
381 3515 665 3586 dasJfinglingsalter
719 3531 773 3569 von
792 3531 875 3584 sopor
894 3521 909 3580 ξ
927 3519 951 3570 b.

106 3586 156 3640 des
171 3585 246 3640 Dion
260 3587 428 3642 stattfindet.
446 3587 502 3640 Das
515 3587 544 3640 in
559 3589 579 3654 1,
595 3592 664 3642 3-5
757 3585 790 3654 ¹²)
809 3587 890 3642 Anm.
910 3604 943 3639 zu
961 3586 1025 3642 Dat.
1044 3586 1078 3650 V,
1094 3593 1119 3640 3.

104 3653 237 3712 Errahlte
250 3656 326 3713 kann
340 3674 466 3713 nurvom
476 3656 666 3713 Mannesaltcr
758 3657 791 3726 18>
814 3658 883 3712 Eine
911 3656 1042 3711 thnliche
1065 3656 1203 3712 Todesart
1229 3656 1278 3710 des

106 3726 212 3796 gelten.
718 3728 878 3798 Dionysius,
898 3727 944 3783 bei
963 3729 1012 3782 der
1030 3728 1108 3781 indes
1127 3727 1201 3781 Dion
1219 3727 1277 3781 und

146 3797 180 3864 ¹⁰)
191 3797 264 3854 Kurn
275 3801 348 3854 nach
358 3801 421 3855 dem
429 3799 507 3855 Tode
517 3801 564 3855 dee
575 3799 666 3855 altem
719 3801 869 3870 Dionysius
893 3800 942 3854 der
960 3799 1084 3869 Jiingere
1108 3798 1279 3867 unbeteiligt

103 3867 266 3939 Dionysius.
304 3872 367 3940 VgL
387 3870 434 3939 ΙΙΙ,
454 3877 478 3926 1.
616 3898 619 3906 ’
720 3872 889 3939 ersoheinen‚
908 3869 1049 3924 beriohtet
1066 3868 1148 3924 Diod.
1161 3868 1223 3937 XV,
1236 3874 1279 3924 74.

143 3940 177 4010 ¹1)
197 3941 357 3997 Poetischer
371 3941 519 3997 Gebrauch
539 3943 587 3997 des
602 3943 664 4011 Adj.
757 3943 792 4012 14)
819 3942 893 3996 Vom
920 3942 1012 3995 altem
1034 3939 1184 4009 Dionysius
1207 3938 1280 3994 nach

105 4012 177 4066 statt
195 4013 244 4067 des
261 4012 334 4068 Adv.
365 4013 418 4068 Die
436 4013 581 4083 poetische
599 4013 665 4067 Far·
719 4013 817 4068 Thurii
836 4012 974 4068 verbannt
992 4011 1084 4081 (Diod.
1102 4009 1164 4079 XV,
1183 4012 1219 4077 7).

105 4081 184 4151 bung
197 4083 277 4137 nieht
290 4084 340 4138 der
349 4084 531 4154 Darstellung
544 4084 582 4138 im
596 4101 666 4153 gan·
757 4084 791 4153 16)
819 4086 874 4139 Der
899 4082 994 4137 Plural
1023 4083 1071 4135 des
1098 4080 1278 4135 Concretume

107 4155 257 4279 qepsfflq
268 4155 315 4239 bei
333 4156 454 4280 Liyiusl)‚
479 4156 665 4282 sondlelqntdea
720 4156 858 4280 qtelpthfir
872 4154 927 4279 dlap³
940 4151 1278 4288 dgqthcpe5Ap2strpetum.

221 4242 491 4282 csrmemzenen
533 4244 548 4281 e
588 4245 666 4281 ran
778 4269 784 4282 .
868 4243 941 4281 es..
989 4242 1054 4278 rs.
1190 4267 1196 4279 .

106 4295 163 4349 den
176 4295 484 4366 Eigentfimliehkeiten
500 4245 548 4353 dges
563 4298 665 4368 Nepos.
746 4245 794 4368 g¹⁶)
813 4230 893 4352 Aangm
912 4314 946 4350 nu
964 4294 1054 4349 Praef.
1074 4300 1101 4350 8.
1146 4266 1153 4294 '

163 4395 293 4450 Onnum
308 4395 428 4438 Cornelius
441 4397 525 4446 Nepos.
1051 4389 1066 4437 3
