2812 4786
129 196 175 263 40
529 199 589 254 XII.
618 198 807 255 CHABRIAS.
831 206 855 255 3.
870 203 896 254 4.

136 365 242 427 totam
256 361 395 426 insulam
411 361 497 425 bello
512 359 725 448 devicisset2).
753 361 876 438 Quibus
892 384 931 427 ex
944 359 1073 447 rebus³l
1088 362 1307 432 Athenienses

100 468 288 534 amagnam
318 450 457 533 gloriam
480 453 556 515 sunt
584 450 702 536 adepti.
748 449 811 515 Sed
833 451 1074 535 Pharnabazus,
1102 454 1159 537 qui
1187 475 1306 519 novum

134 539 309 605 exercitum
337 538 378 603 ad
403 539 585 622 pacandam
612 538 797 625 Aegyptum
825 561 1015 624 comparare
1043 563 1063 605 a
1089 562 1166 627 rege
1199 543 1305 610 iussus

134 632 217 710 erat,
244 629 370 711 legatos
398 627 488 692 misit
510 627 656 694 Athenas
684 632 848 714 questum,
871 628 957 712 quod
980 627 1139 695 Chabrias
1169 633 1213 712 [a.
1227 632 1301 715 378]

135 717 305 781 adversum
332 737 443 801 regem
467 717 588 782 bellum
615 721 742 802 gereret
764 738 836 782 cum
859 716 1041 802 Aegyptiis.
1086 718 1299 787 Athenienses

132 806 218 870 diem
238 810 361 871 certam
380 802 540 872 Chabriae
560 807 824 890 praestituerunt,
843 828 941 891 quam
960 805 1068 893 ante⁴)
1088 807 1222 874 domum
1242 811 1299 876 nisi

133 894 286 979 redisset,
309 895 423 979 capitis
447 917 482 961 se
508 895 601 959 illum
628 895 837 960 damnaturos
864 893 1104 962 denuntiarunt.
1150 897 1223 973 Quo
1250 898 1300 964 ille

133 985 246 1049 nuntio
270 983 417 1048 Athenas
440 984 544 1048 rediit.

98 1088 112 1136 1
221 1070 278 1137 ΠΙ.
302 1073 422 1138 Postea
445 1094 517 1137 cum
539 1094 658 1137 norum
683 1072 804 1137 bellum
827 1072 912 1137 inter
931 1072 1114 1158 Aegyptios
1134 1078 1167 1139 et
1185 1074 1300 1141 Persas

133 1161 308 1227 conflatum
341 1166 439 1244 esset,
471 1159 629 1227 Chabriae
662 1162 780 1225 iterum
813 1182 848 1226 eo
880 1161 1044 1245 profectus
1072 1165 1130 1227 est.
1160 1165 1205 1247 [a.
1225 1166 1300 1247 361]

132 1251 348 1315 Athenienses
368 1272 441 1314 cum
461 1251 638 1315 Artaxerxe
658 1251 845 1315 societatem
864 1250 1038 1335 habebant,
1056 1250 1303 1319 Lacedaemonii

132 1360 205 1404 cum
233 1338 420 1424 Aegyptiis,
448 1360 467 1402 a
495 1339 610 1424 quibus
634 1344 769 1404 vocatus
798 1360 934 1424 magnas
961 1340 1098 1424 praedas
1122 1340 1304 1426 Agesilaus,

132 1448 189 1491 rex
221 1449 345 1510 eorum,
378 1427 525 1492 faciebat.
570 1427 608 1493 Id
631 1429 760 1493 intuens
784 1425 958 1511 Chabrias,
985 1450 1057 1494 eum
1080 1430 1114 1493 in
1146 1452 1181 1494 re
1213 1431 1304 1496 nulla

133 1515 288 1600 Agesilao
308 1515 444 1601 cederet,
463 1538 522 1581 sua
541 1520 656 1601 sponte
675 1538 730 1582 eos
749 1516 895 1583 adiutum
914 1517 1077 1600 profectus
1096 1519 1196 1583 classi
1213 1543 1304 1604 prae

133 1604 205 1689 fuit,
227 1605 431 1690 pedestribus
454 1605 555 1689 copiis
574 1605 755 1689 Agesilaus.
792 1605 853 1681 Qui
874 1628 947 1671 oum
967 1629 986 1671 a
1004 1606 1122 1690 Tacho,
1145 1607 1304 1694 Aegypti-

135 1715 227 1758 orum
246 1693 331 1779 rege,
351 1695 508 1760 alienatus
528 1693 569 1760 ad
587 1693 805 1759 Nectanabim
826 1694 973 1778 alterum,
996 1697 1064 1759 eius
1083 1696 1304 1762 adversarium

134 1787 167 1848 et
184 1784 277 1867 regni
296 1784 548 1868 competitorem,
571 1806 605 1848 se
626 1785 831 1867 applicasset,
854 1780 1013 1849 Chabrias
1031 1785 1177 1850 Athenas
1199 1786 1304 1851 rediit

98 1871 244 1956 2Neque
268 1871 314 1936 ibi
338 1872 459 1936 diutius
484 1877 533 1936 est
556 1877 713 1956 moratus,
736 1894 834 1956 quam
857 1872 920 1936 fuit
942 1895 1080 1938 necesse.
1114 1872 1192 1938 Non
1218 1875 1301 1939 enim

133 1960 272 2024 libenter
291 1964 361 2024 erat
380 1964 455 2025 ante
479 1961 587 2025 oculos
612 1982 742 2025 suorum
761 1960 888 2046 civium,
908 1962 994 2045 quod
1013 1967 1046 2027 et
1065 1962 1197 2027 vivebat
1216 1963 1301 2028 laute

135 2051 167 2111 et
196 2047 388 2133 indulgebat
419 2049 481 2113 sibi
510 2048 657 2133 liberius,
687 2051 784 2132 quam
815 2054 853 2113 ut
884 2049 1039 2114 invidiam
1069 2051 1160 2135 vulgi
1191 2057 1304 2135 posset

97 2136 281 2220 3effugere.
327 2135 390 2201 Est
420 2139 506 2200 enim
536 2137 599 2202 hoc
626 2157 794 2202 commune
824 2138 939 2204 vitium
968 2139 1096 2224 magnis
1126 2142 1304 2226 liberisque

131 2224 333 2309 civitatibus,
356 2229 393 2289 ut
416 2224 537 2290 invidia
560 2227 682 2310 gloriae
707 2247 813 2291 comes
838 2226 882 2291 sit
906 2231 938 2291 et
960 2227 1098 2292 libenter
1120 2229 1159 2293 de
1183 2228 1226 2294 iis
1250 2230 1302 2294 de-

132 2313 282 2397 trahant,
315 2336 396 2399 quos
428 2314 568 2379 eminere
601 2315 731 2380 videant
763 2317 878 2397 altius,
914 2337 1016 2400 neque
1053 2317 1162 2382 animo
1200 2340 1303 2404 aequo

130 2425 289 2487 pauperes
308 2404 447 2469 alienam
466 2403 655 2469 intueantur
672 2405 845 2470 fortunam.
873 2402 988 2489 Itaque
1008 2403 1175 2490 Chabrias,
1194 2408 1303 2492 quoad

94 2492 162 2556 4ei
191 2493 322 2576 licebat,
355 2493 529 2577 plurimum
560 2493 681 2560 aberat.
726 2492 839 2580 Neque
870 2515 946 2558 vero
980 2495 1068 2559 solus
1101 2495 1157 2560 ille
1190 2497 1303 2562 aberat

130 2580 269 2645 Athenis
287 2581 437 2666 libenter,
459 2583 515 2647 sed
534 2604 647 2647 omnes
665 2583 733 2647 lere
755 2582 915 2667 principes
933 2582 1079 2648 fecerunt
1101 2585 1196 2671 idem,
1216 2585 1303 2670 quod

129 2672 260 2733 tantum
279 2691 312 2733 se
333 2671 373 2734 ab
392 2669 513 2736 invidia
531 2667 714 2758 putarent⁶)
739 2673 894 2754 afuturos,
912 2674 1067 2755 quantum
1088 2695 1106 2736 a
1127 2679 1303 2758 conspectu

131 2779 263 2822 suorum
300 2760 517 2823 recessissent.
567 2758 681 2846 Itaque
714 2758 828 2827 Conon
864 2760 1039 2843 plurimum
1072 2759 1174 2844 Cypri
1210 2763 1302 2848 vixit,

85 2914 89 2922 ,
130 2844 310 2929 Iphicrates
340 2847 374 2910 in
397 2846 567 2929 Thraecia,
590 2846 780 2913 Timotheus
804 2848 915 2931 Lesbi,
938 2846 1059 2914 Chares
1083 2847 1182 2936 Sigei.
1228 2850 1300 2917 Dis·

131 2934 245 2998 similis
269 2935 398 3018 quidem
417 2933 539 3000 Chares
562 2936 692 3000 illorum
712 2939 744 3000 et
767 2937 861 3002 factis
884 2941 917 3002 et
939 2939 1091 3021 moribus,
1115 2941 1171 3004 sed
1189 2944 1300 3006 tamen

131 3021 268 3088 Athenis
292 3028 325 3088 et
347 3024 526 3089 honoratus
550 3030 582 3089 et
605 3023 762 3111 potensss).

95 3126 108 3172 1
218 3111 273 3178 IV.
297 3111 398 3179 Periit
417 3118 526 3178 autem
546 3111 704 3179 Chabrias
723 3115 809 3180 bello
829 3115 941 3180 sociali
959 3115 1021 3181 hoc
1040 3117 1145 3182 modo.
1171 3119 1297 3200 [aeui]

130 3200 372 3289 Oppugnabant
405 3203 620 3268 Athenienses
654 3201 780 3268 Chium.
825 3203 908 3269 Erat
939 3205 973 3270 in
1005 3205 1107 3270 classe
1139 3203 1299 3272 Chabrias

129 3294 285 3375 privatus,
309 3294 366 3358 sed
385 3315 507 3375 omnes,
531 3293 585 3377 qui
604 3293 639 3356 in
661 3293 855 3377 magistratu
875 3298 976 3376 erant,
1000 3295 1192 3360 auctoritate
1211 3299 1299 3360 ante·

128 3380 212 3464 ibat,
238 3385 275 3445 ut
301 3383 406 3467 magis
435 3404 507 3447 eum
536 3381 656 3446 milites
685 3402 780 3465 quam
809 3381 864 3465 qui
892 3387 1061 3465 praeerant
1092 3385 1297 3467 suspicerent

94 3483 109 3531 2
130 3468 218 3545 Quae
240 3489 292 3532 res
316 3470 345 3533 ei
368 3469 544 3535 maturavit
566 3474 713 3536 mortem.
743 3469 829 3534 Nam
849 3470 924 3534 dum
947 3471 1072 3554 primus
1096 3474 1204 3537 studet
1226 3496 1298 3558 por·

165 3693 186 3763 ¹)
205 3693 275 3748 Dem
288 3693 441 3764 Euagorae,
455 3698 504 3753 der
518 3697 685 3767 annypern
775 3697 796 3768 ⁴)
820 3696 872 3752 Die
892 3697 1007 3767 Prllpos.
1026 3715 1122 3754 versus
1140 3701 1197 3755 und
1214 3703 1298 3756 tenus

127 3765 174 3821 ein
191 3780 246 3821 von
265 3765 319 3820 den
337 3765 454 3820 Persem
471 3768 684 3840 unabhtngiges
738 3769 838 3824 stehen
860 3768 890 3822 in
913 3769 962 3823 der
979 3769 1068 3840 Regel
1090 3771 1184 3826 hinter
1206 3772 1298 3827 ihrem

128 3836 298 3905 Kdnigreich
323 3837 450 3906 grr'inden
477 3841 583 3910 wollte‚
608 3840 685 3895 ward
738 3839 862 3908 Nomen,
879 3839 973 3894 hinter
991 3842 1055 3896 dem
1073 3841 1231 3897 Pronomen
1250 3844 1298 3914 qui

128 3906 326 3971 Chabrias388
341 3905 460 3962 cuHille
474 3911 627 3979 geschicht.
647 3909 685 3964 Er
738 3912 834 3981 htufig
866 3911 937 3966 auch
970 3916 1048 3980 ante,
1076 3916 1186 3981 contra,
1214 3915 1297 3981 inter,

126 3977 254 4048 khmplte
264 3979 387 4035 daselbst
396 3979 440 4033 bis
450 3986 502 4036 385
513 3981 569 4054 und
578 3983 683 4050 segelte
737 3986 865 4051 propter,
897 3982 983 4037 iuxta.
1022 3983 1116 4038 Salten
1149 3983 1186 4039 ist
1221 3985 1298 4040 diese

128 4049 203 4105 dann
211 4050 262 4105 aul
269 4052 367 4121 eigene
375 4050 457 4108 Hand
464 4052 538 4106 nach
544 4041 683 4123 Agypten,
739 4052 867 4122 Stellung
885 4053 978 4107 hinter
991 4054 1055 4109 dem
1068 4054 1227 4111 Pronomen
1241 4055 1300 4124 hic,

125 4139 172 4176 um
182 4119 682 4193 dortdieEmpdrerzuunterstiitzen.
736 4143 759 4178 z.
774 4125 804 4179 B.
824 4123 904 4179 Paus.
919 4123 967 4193 IV,
982 4130 1007 4180 4.

161 4231 182 4299 ³)
206 4229 239 4312 D
254 4228 281 4284 h.
300 4228 408 4299 infulge
435 4230 483 4284 der
502 4230 612 4285 Thaten
635 4231 683 4312 des
774 4251 796 4319 s)
816 4252 896 4304 Am,
916 4269 949 4303 ,u
969 4250 1081 4304 pagam,
1100 4251 1135 4318 11,
1154 4256 1179 4306 3,

129 4298 263 4370 Chabrias
283 4301 333 4354 aul
345 4299 452 4370 Cypern
467 4301 576 4355 sowohl
595 4301 636 4356 als
653 4319 683 4357 m

125 4357 265 4442 Agypten.
774 4374 796 4442 6)
815 4372 897 4429 Anm.
917 4391 949 4428 zu
968 4373 1063 4443 Pelop.
1083 4374 1103 4444 I,
1124 4379 1148 4428 1.
