2812 4786
477 173 562 228 XXII.
591 171 791 226 HANNIBAL.
818 177 841 226 7.
861 177 886 228 8.
1224 171 1265 235 81

94 336 313 425 oppressitffi).
349 335 543 401 Hadrumeti
557 336 698 419 reliquos
718 357 757 399 ex
771 334 849 420 fuga
864 334 1008 419 collegit:
1030 335 1123 399 novis
1143 333 1267 398 dilecti-

95 432 156 493 bus
181 428 291 511 paucis
315 426 427 490 diebus
451 426 571 489 multos
594 424 764 488 contraxit.

185 515 256 580 VH.
276 513 358 580 Cum
372 515 407 578 in
421 512 607 598 apparando
615 509 652 594 19)
669 511 822 576 acerrime
837 515 922 576 asset
937 516 1122 596 occupatus,
1138 512 1178 590 [a.
1185 511 1265 590 201]
1289 525 1302 573 1

96 605 383 688 Carthaginienses
398 602 520 666 bellum
535 624 608 666 cum
620 601 776 665 Romanis
791 604 1052 683 composuerunt.
1087 599 1146 663 llle
1164 597 1267 662 nihilo

96 695 198 758 aetius
221 694 318 756 rebus
347 693 381 755 in
404 689 517 754 Africa
544 694 658 773 postea
681 687 823 772 praefuit
847 711 949 772 usqua
973 689 1013 753 ad
1036 687 1070 753 P.
1090 686 1269 771 Sulpicium

97 781 133 846 C.
151 781 321 844 Aurelium
345 780 504 844 consules.
540 776 601 842 His
625 777 711 842 enim
735 777 982 862 magistratibus
1005 777 1107 860 legati
1131 776 1173 859 [a.
1188 776 1304 857 200]2

96 869 382 953 Carthaginienses
423 866 561 931 Romam
602 871 776 947 venerunt,
819 865 874 948 qui
917 866 1043 929 senatui
1084 864 1269 948 populoque

96 959 245 1023 Romano
270 958 393 1042 gratias
418 961 568 1040 agerent,
592 955 677 1039 quod
701 976 773 1018 cum
795 953 876 1037 ipsis
899 975 1013 1036 pacem
1035 953 1203 1030 fecissent,
1227 952 1269 1017 ob

98 1068 233 1130 eamque
256 1067 325 1108 rem
349 1067 469 1109 corona
492 1065 590 1108 aurea
613 1064 667 1108 eos
687 1043 846 1107 donarent
870 1042 1030 1126 simulque
1053 1045 1210 1124 peterent,
1233 1045 1271 1104 ut

98 1135 227 1200 obsides
247 1135 392 1218 ipsorum
406 1132 564 1216 Fregellis
584 1136 691 1196 essent
710 1131 892 1214 captivique
911 1125 1174 1214 redderenturw).
1208 1128 1269 1192 His
1289 1145 1305 1192 3

99 1247 138 1288 ex
171 1226 303 1287 senatus
340 1222 488 1285 consulto
524 1242 716 1303 responsum
749 1224 812 1283 est:
848 1240 965 1283 munus
998 1240 1109 1283 eorum
1141 1222 1270 1302 gratum

99 1317 332 1394 acceptumque
351 1331 436 1392 esse,
461 1308 598 1392 obsides,
618 1331 681 1392 quo
696 1309 767 1372 loco
786 1312 950 1391 rogarent,
968 1307 1105 1390 futuros,
1124 1306 1270 1389 captivos

99 1421 213 1464 senon
232 1399 434 1480 remissoros,
450 1397 534 1480 quod
553 1397 603 1460 illi
617 1395 846 1479 Hannibalem,
861 1395 952 1460 cuius
968 1418 1066 1479 opera
1085 1399 1270 1478 susceptum

98 1490 221 1552 bellum
245 1488 342 1569 foret,
365 1485 625 1550 inimicissimum
648 1485 771 1549 nomini
793 1484 959 1567 Romano,
983 1485 1082 1549 etiam
1105 1488 1176 1547 tum
1199 1505 1272 1547 cum

99 1577 235 1658 imperio
268 1575 353 1659 apud
385 1575 560 1637 exercitum
591 1573 760 1637 haberent.
811 1571 882 1648 Quo
915 1595 1071 1656 responso
1100 1571 1308 1656 Carthagi-4

99 1665 229 1728 nienses
253 1662 384 1747 cognito
404 1661 623 1725 Hannibalem
642 1660 773 1726 domurn
796 1667 997 1726 revocarunt.
1034 1661 1084 1724 uo
1108 1665 1145 1724 ut
1164 1661 1272 1740 rediit,

99 1774 156 1816 rex
189 1753 293 1817 factus
326 1755 390 1834 est,
421 1754 597 1834 postquam
628 1754 759 1833 praetor
790 1749 912 1831 fuerat,
946 1772 1030 1814 anno
1065 1749 1204 1813 secundo
1239 1752 1272 1812 et

102 1842 271 1905 vicesimo:
293 1844 330 1904 ut
354 1840 439 1903 enim
463 1838 587 1903 Romae
610 1838 768 1920 consules,
792 1838 838 1901 sic
857 1835 1055 1923 Carthagine
1079 1837 1178 1902 annui
1202 1836 1273 1900 bini

100 1927 237 2014 reges21)
268 1928 469 1992 creabantur.
514 1925 555 1990 In
584 1948 621 1992 eo
650 1927 844 2010 magistratu
872 1947 929 2009 per
957 1948 1060 1991 annos
1090 1927 1309 2009 compluress

102 2018 290 2081 continuato
314 2018 385 2099 pari
414 2016 586 2100 diligentia
609 2037 643 2079 sc
667 2014 832 2079 Hannibal
855 2015 1018 2098 praebuit,
1046 2036 1083 2079 ac
1111 2014 1217 2078 fuerat
1239 2015 1273 2078 in

102 2104 199 2169 bello.
244 2103 392 2188 Namque
426 2105 532 2169 effecit
559 2105 629 2168 sine
657 2104 749 2168 novis
773 2102 986 2187 vectigalibus
1013 2124 1079 2168 non
1108 2103 1214 2168 solum
1238 2105 1275 2166 ut

104 2195 190 2255 esset
212 2193 347 2274 pecunia
371 2215 452 2277 quae
475 2193 631 2258 Romanis
656 2214 694 2257 ex
717 2192 846 2256 foedera
868 2191 1069 2275 penderetur,
1094 2191 1149 2256 sed
1173 2191 1272 2255 etiam

102 2284 139 2342 ut
158 2286 350 2367 superesset,
369 2304 450 2365 quae
468 2283 502 2346 in
522 2283 647 2346 aerario
666 2285 883 2366 reponeretur.
920 2279 1054 2364 Deinde,
1073 2279 1116 2344 M.
1136 2278 1272 2346 Claudio
1293 2294 1308 2340 c

101 2367 135 2431 L.
146 2367 244 2432 Furio
265 2369 463 2449 consulibus,
476 2368 583 2434 Roma
597 2370 698 2452 legati
713 2367 945 2454 Carthaginem
959 2374 1126 2432 venerunt.
1143 2370 1184 2448 [a.
1196 2369 1272 2450 196]

103 2455 191 2528 Quos
210 2454 378 2518 Hannibal
402 2455 453 2518 sui
477 2457 670 2539 exposcendi
694 2455 802 2541 gratia
826 2456 942 2521 missos
963 2461 1066 2541 ratus,
1084 2457 1274 2542 priusquam

101 2543 142 2606 iis
167 2546 297 2605 senatus
322 2541 462 2626 daretur,
483 2565 600 2608 navem
621 2544 704 2609 clam
724 2541 955 2630 conscendit²²)
980 2550 1075 2629 atque
1095 2547 1130 2608 in
1149 2543 1273 2630 Syriam

103 2631 143 2694 ad
158 2630 359 2694 Antiochum
378 2631 528 2716 perfugit.
566 2630 637 2696 Hac
660 2654 694 2696 rc
713 2633 821 2716 palam
840 2632 926 2697 facta
940 2633 1040 2698 Poeni
1064 2656 1162 2699 naves
1186 2635 1275 2720 duas,
1295 2647 1310 2695 7

103 2741 184 2801 quae
200 2742 272 2783 eum
292 2720 610 2804 comprehenderent,
625 2720 653 2786 si
666 2725 801 2805 possent
820 2721 982 2805 consequi,
997 2723 1169 2787 miserunt:
1188 2725 1276 2788 bona

105 2808 173 2870 eius
205 2808 425 2890 publicarunt,
458 2808 589 2874 domum
621 2832 641 2873 a
673 2810 893 2874 fundamentis
926 2810 1135 2895 disiecerunt,
1167 2813 1275 2895 ipsum

103 2896 246 2959 exsulem
270 2896 461 2961 iudicarunt.

194 2982 281 3047 VIII.
304 2984 350 3048 At
364 2985 530 3049 Hannibal
549 3007 634 3049 anno
653 2988 761 3071 tertio,
773 2991 947 3071 postquam
961 2988 1056 3052 domo
1074 2989 1274 3074 profugerat,
1296 3004 1310 3049 1

103 3069 140 3133 L.
152 3070 303 3137 Cornelio
319 3072 356 3148 Q.
368 3072 509 3137 Minucio
528 3073 725 3154 consulibus,
740 3097 813 3138 cum
833 3075 974 3158 quinque
989 3075 1126 3139 navibus
1142 3078 1183 3155 [a.
1196 3077 1272 3158 193]

102 3159 248 3223 Africam
273 3161 408 3223 accessit
416 3158 455 3244 28)
478 3161 514 3224 in
537 3162 655 3225 finibus
680 3159 929 3242 Cyrenaeorum,
952 3163 980 3226 si
1003 3162 1087 3225 forte
1107 3160 1276 3249 Carthagi·

102 3247 231 3308 nienses
255 3245 296 3308 ad
318 3246 440 3308 bellum
463 3252 597 3329 possent
620 3247 726 3311 induci
751 3248 907 3312 Antiochi
931 3270 987 3333 spe
1010 3249 1200 3335 fiduciaque,
1224 3255 1274 3317 cui

103 3335 169 3396 ianr
192 3337 408 3416 persuaserat,
431 3339 468 3397 ut
487 3355 560 3397 cum
584 3335 778 3400 exercitibus
800 3337 835 3400 in
854 3334 986 3401 ltaliam
1008 3338 1274 3421 proficisceretur.

122 3471 171 3551 ⁸¹⁸)
190 3469 252 3551 Den
275 3470 324 3524 ihn
352 3471 551 3541 varfolgcnden
574 3472 659 3526 Masi-
714 3472 828 3528 Gciseln
859 3493 893 3528 zu
924 3474 1024 3530 bitten.
1070 3476 1123 3532 Dia
1155 3477 1218 3533 chri
1240 3497 1273 3533 en

100 3559 175 3594 mssa
202 3544 256 3595 mrt
283 3543 378 3597 seinen
405 3543 571 3597 Numidiam
599 3543 661 3598 liele
715 3544 829 3600 Gaiseln
851 3547 966 3600 wollten
989 3545 1030 3601 sic
1052 3549 1152 3603 andere
1180 3497 1276 3621 andge-

100 3610 243 3666 Hannibal
267 3613 439 3668 vorbcieilen
461 3614 519 3668 und
543 3614 660 3669 tiberfiel
715 3616 807 3671 hobcn
825 3617 936 3672 wissen.

101 3682 556 3824 ⁸1⁰.„llfisssffusslflglff‘tshmsyb
580 3756 619 3824 Π,
643 3761 660 3808 2
753 3721 788 3791 ²¹)
808 3722 844 3776 ns
868 3723 931 3776 sins
953 3723 1014 3778 ares
1038 3724 1084 3778 me
1110 3727 1186 3780 sonsa
1204 3727 1277 3780 nach

99 3822 232 3889 persequi
249 3823 306 3876 ,md
325 3840 501 3894 compara&
522 3827 590 3880 abe,
609 3843 661 3880 nm,
715 3794 779 3876 dein
797 3793 997 3862 phtnicischen
1008 3795 1154 3850 Auedruclr
1173 3797 1277 3878 sufetes

100 3892 140 3944 im
160 3890 341 3949 gerundium·
715 3863 853 3934 (Richter)
872 3869 1032 3935 genannten
1046 3867 1176 3920 obersten
1190 3865 1276 3919 Crv1l·

138 3962 172 4030 2ο)
191 3963 433 4018 mauselanum
447 3965 548 4019 hatten
560 3966 600 4020 se
615 3967 660 4021 ue
715 3935 854 4034 hemel·
904 4025 909 4035 ,
1047 4027 1059 4040 „
1095 4023 1102 4035 ,

101 4037 174 4087 erate
211 4034 282 4089 Rata
319 4034 368 4089 des
404 4034 478 4088 baim
514 4035 659 4091 Friedcns-
753 4021 787 4092 ²²)
807 4023 874 4076 [³10³
901 4027 938 4077 1⁸l
965 4022 1016 4077 ‘101'
1042 4022 1183 4078 Ubl¹⁰h⁸l⁰
1204 4025 1276 4077 ΑΗΒ·

101 4105 226 4159 schlusse
237 4105 291 4159 den
300 4105 478 4175 Karthagern
487 4105 661 4175 auferlegtan
714 4093 811 4147 drm-
849 4093 923 4147 Abel
950 4095 980 4146 in
1001 4109 1103 4147 navem
1127 4093 1276 4174 ³:⁸⁰0nd010

101 4173 231 4228 Tributes
245 4195 279 4230 zu
292 4176 481 4246 fiberbringen
495 4178 660 4246 undjaden-
715 4163 792 4217 Slehl
809 4163 906 4218 Them·
926 4163 1001 4231 Vflls
1021 4171 1045 4218 6·
1081 4161 1276 4233 Alsslb·1l⁷e3

100 4243 165 4298 falls
188 4244 267 4301 nicht
288 4265 336 4301 um
359 4248 512 4317 Rtickgabe
535 4248 586 4301 der
609 4248 660 4302 Ge·
714 4234 999 4303 Ussdsspam·1V‚5·

100 4317 250 4385 fangenen,
269 4319 388 4372 sondcrn
407 4317 482 4372 eines
499 4318 592 4373 Teiles
612 4319 662 4372 der
753 4321 787 4389 ²³)
805 4324 886 4377 Anrn.
906 4339 940 4374 zu
958 4323 1030 4376 Milt.
1051 4321 1077 4389 Ι,
1096 4327 1122 4376 4,

155 4413 287 4466 Ouramma,
303 4415 424 4455 Cornelius
438 4417 521 4465 Nepos.
1047 4418 1062 4464 6
