2812 4786
99 175 138 229 IV
485 172 694 229 PRAEFATIO
713 171 893 230 EDITORIS.

78 337 213 404 ,horum
245 338 296 402 vel
318 337 444 421 optimi
478 359 590 402 omnes
622 338 892 421 interpolatorum
924 337 1022 423 nugis
1055 337 1201 422 adspersi
1233 360 1274 403 ea

98 445 248 511 dictionis
267 443 350 510 vitia
367 444 535 529 haberent,
559 466 641 528 quae
660 445 695 508 in
714 445 905 528 scriptorem
919 441 1093 523 Ciceronis,
1113 442 1276 529 Caesaris,

99 551 263 633 Sallustii,
290 550 393 614 Attici
423 552 589 635 aequalem
618 555 651 616 ct
677 551 745 615 fere
777 551 970 616 familiarem
999 551 1111 616 cadere
1139 551 1273 617 minime

97 658 290 724 viderentur.
335 656 455 722 Postea
482 679 556 724 cum
583 657 733 722 Weidner
756 658 829 722 aliis
857 658 974 722 studiis
1003 661 1179 740 occupatus
1203 681 1273 723 rem

97 765 152 829 vix
170 764 356 829 incohatam
376 750 570 849 reliquisset,
585 768 738 829 monente
746 763 1051 849 Parthenopolilani
1070 764 1168 847 illius,
1187 767 1272 849 quod

98 870 248 956 diximus,
267 871 429 955 gymnasii
446 875 579 951 rectore,
599 871 683 937 Guil.
702 870 834 956 Herbst,
857 892 919 957 ego
939 894 1011 936 eam
1029 872 1065 935 in
1087 893 1138 935 me
1157 874 1274 957 recepi,
1293 884 1296 889 ⁴

97 982 290 1063 gratumque
313 977 457 1043 facturus
481 978 620 1042 maxime
647 978 696 1041 illi
720 977 849 1042 scholae
873 977 955 1041 mihi
977 977 1124 1060 videbar,
1151 979 1184 1041 iu
1207 1001 1273 1063 qua

95 1085 161 1149 tale
183 1084 307 1169 aliquid
325 1084 447 1149 iamdiu
469 1083 688 1148 desideratum
711 1086 805 1147 esset.
842 1082 891 1147 Ac
909 1084 1049 1166 primum
1068 1081 1270 1169 Nipperdeyi

97 1191 237 1256 maxime
270 1192 512 1271 annotationes,
550 1211 630 1273 quas
663 1188 786 1253 maiore
819 1188 959 1254 editione
993 1187 1137 1275 (Lipsiae
1170 1190 1271 1277 1849)

97 1298 257 1381 exhibuit,
289 1301 432 1379 secutus,
465 1296 541 1381 quid
573 1296 612 1360 de
641 1317 767 1381 quaque
800 1318 835 1360 re
863 1299 987 1360 veteres
1018 1297 1191 1381 scriptores
1220 1300 1272 1362 vel

96 1403 236 1470 Romani
268 1403 320 1467 vel
354 1401 468 1468 Graeci
506 1403 640 1488 dignum
673 1403 734 1467 fide
767 1404 817 1468 vel
850 1403 1018 1488 indignum
1050 1404 1273 1488 tradidissent,

97 1510 300 1600 examinari,
330 1510 444 1574 deinde
478 1514 626 1575 accurate
663 1510 803 1594 inspexi,
842 1532 938 1594 quarn
974 1510 1078 1595 Roth,
1114 1510 1273 1596 Benecke,

98 1615 196 1681 Halm
220 1639 259 1681 ex
281 1617 374 1682 libris
398 1617 577 1701 scripturae
600 1616 852 1699 discrepantiam
875 1616 1097 1701 vulgaverant.
1144 1616 1196 1682 Sic
1219 1619 1273 1683 via

96 1724 190 1809 quasi
208 1723 414 1807 praemunita
432 1724 522 1807 ipsas
542 1724 626 1788 vitas
646 1723 686 1788 ad
709 1745 804 1787 usum
824 1723 1008 1788 scholarum
1027 1725 1271 1789 accommodare

96 1852 271 1916 aggressus
296 1853 377 1915 sum,
398 1831 494 1916 idque
516 1831 578 1895 feci
601 1831 682 1894 haec
705 1835 870 1913 spectans:

187 1940 220 2021 1)
240 1941 276 2000 ut
294 1958 401 2001 rerum
421 1936 581 2001 delectum
600 1941 632 2001 et
651 1936 810 2001 sentiendi
829 1936 1056 2022 iudicandique
1072 1939 1111 2003 de
1132 1938 1270 2024 singulis

93 2044 145 2107 vel
168 2043 265 2107 rebus
288 2044 338 2106 vel
360 2043 547 2107 hominibus
567 2043 735 2127 rationem,
758 2047 796 2107 ut
819 2048 897 2126 apta
920 2043 1059 2127 ingeniis
1084 2067 1269 2128 puerorum,

98 2171 278 2234 servarem;

187 2253 223 2344 2)
248 2257 429 2322 orationem
449 2256 616 2340 scriptoris
639 2259 735 2340 atque
759 2256 857 2320 etiam
876 2278 922 2339 ea,
945 2279 1027 2341 quac
1051 2258 1183 2341 propria
1202 2257 1270 2321 eius

99 2370 131 2430 et
155 2388 174 2430 a
197 2369 378 2431 ceterorum
401 2363 631 2429 consuetudine
655 2361 782 2427 diversa
807 2367 924 2445 essent,
947 2364 1042 2428 modo
1066 2386 1086 2428 a
1108 2364 1273 2428 latinitate

98 2493 140 2536 ne
163 2472 385 2556 abhorrerent,
406 2474 445 2536 ut
466 2470 651 2553 retinerem,

187 2575 223 2664 3)
247 2600 329 2662 quae
357 2582 464 2643 autem
493 2579 621 2642 soloeca
649 2581 758 2642 essent
790 2580 847 2641 aut
874 2598 947 2641 cum
977 2577 1159 2662 praeceptis
1190 2577 1273 2642 bene

99 2683 259 2749 scribendi
289 2683 483 2768 pugnantia,
520 2685 588 2748 sive
616 2682 777 2748 scribendi
805 2684 965 2767 elegantia
994 2684 1062 2748 sive
1094 2684 1296 2749 disserendi

99 2790 265 2855 subtilitas
285 2789 529 2873 desideraretur,
543 2811 581 2854 ea
598 2793 635 2853 ut
654 2789 860 2853 emendarem
879 2794 977 2873 atque
993 2790 1039 2854 ita
1059 2790 1270 2874 emendarem,

99 2903 136 2963 ut
159 2897 200 2962 ad
223 2897 318 2962 fidem
341 2898 500 2961 librorum
524 2916 621 2980 quam
645 2896 790 2980 proxime
813 2897 1006 2961 accederem.

189 3004 224 3090 4)
248 3005 287 3068 In
310 3004 407 3068 rebus
431 3026 513 3088 quae
536 3003 621 3068 falso
643 3003 764 3068 tradita
787 3007 908 3087 essent,
936 3025 974 3068 ea
995 3003 1030 3067 in
1061 3004 1169 3068 animo
1193 3009 1272 3087 erat,

101 3115 206 3198 quoad
229 3113 300 3177 fieri
323 3115 431 3196 posset
454 3110 630 3175 levioribus
652 3109 844 3194 quibusdam
866 3109 1196 3175 transmutationibus
1220 3110 1272 3174 vel

100 3206 406 3304 interpolationibus
440 3217 509 3281 sine
543 3217 694 3282 liberiore
726 3221 896 3281 contextus
929 3216 1197 3299 conformatione,
1232 3215 1272 3279 ad

101 3331 282 3391 ceterorum
301 3326 495 3410 scriptorum
515 3322 741 3389 auctoritatem
761 3323 936 3407 corrigere3
956 3323 1007 3385 sin
1026 3322 1132 3387 minus
1151 3323 1273 3404 posset,

103 3432 369 3498 annotationibus
402 3432 566 3496 contextui
599 3430 767 3512 subiectis,
800 3429 876 3514 quid
909 3450 1036 3512 quoque
1067 3429 1140 3493 loco
1167 3428 1272 3492 verius

103 3544 161 3606 aut
182 3539 251 3626 veri
275 3538 412 3602 similius
435 3539 606 3621 videretur,
630 3538 772 3603 breviter
796 3536 909 3601 dicere.

191 3645 227 3731 5)
250 3646 383 3710 Eisdem
407 3643 671 3709 annotationibus
695 3643 844 3707 volebam
867 3646 912 3725 et,
939 3664 1021 3727 quae
1043 3639 1139 3703 nimis
1162 3659 1273 3722 presse

102 3754 144 3820 ob
159 3775 293 3837 eamque
307 3774 376 3818 rem
389 3753 495 3816 minus
509 3750 647 3815 dilucide
661 3749 879 3832 proferuntur,
889 3747 1065 3814 adiciendis
1082 3745 1274 3830 quibusdam

101 3861 198 3926 rebus
221 3860 412 3925 necessariis
436 3858 610 3941 explanare
633 3861 679 3940 et,
708 3876 772 3940 quo
795 3855 923 3920 facilius
948 3855 1076 3939 singula
1100 3852 1274 3916 memoriae

103 3967 342 4050 mandarentur,
366 3986 526 4030 annorum
549 3962 789 4046 computatione
812 3983 849 4026 ea
872 3962 1046 4042 illustrare,
1069 3960 1217 4043 denique,
1240 3959 1274 4020 in

103 4074 283 4140 elocutione
307 4073 334 4136 si
358 4094 421 4156 qua
444 4069 582 4154 Nepotis
605 4068 738 4154 propria
760 4069 953 4152 viderentur,
976 4067 1156 4151 designare.

192 4178 227 4267 6)
252 4180 431 4264 Praeterea,
454 4181 491 4241 ut
515 4178 554 4242 ad
572 4175 812 4260 percipiendam
832 4196 939 4239 rerum
955 4175 1071 4238 seriem
1090 4171 1274 4237 historiam·

103 4309 165 4372 que
185 4285 439 4371 cognoscendam
459 4305 633 4369 puerorum
651 4286 776 4347 mentes
797 4281 1038 4365 adiuvarentur,
1058 4279 1157 4343 alium
1178 4284 1275 4362 atque
