2812 4786
475 169 561 226 XXII.
590 168 790 225 HANNIBAL.
814 175 901 226 3.—b.
1232 169 1273 235 79

100 356 176 400 cum
197 332 325 418 quidem
333 330 358 419 ⁷)
378 333 501 399 bellum
518 332 659 448 parabis
677 335 710 397 te
728 333 836 416 ipsum
855 332 1073 417 frustraberis,
1092 333 1204 398 sinon
1223 355 1274 398 me

98 446 132 488 m
159 443 569 594 edliililldedgithisbhrds
578 470 717 574 diximus
741 512 846 574 aetate
870 532 943 575 cum
966 514 1057 594 patre
1080 510 1116 574 in
1139 512 1180 591 [a.
1194 510 1308 592 237]1

98 599 295 683 Hispaniam
309 598 472 683 profectus
491 603 553 664 est:
573 597 663 663 ouius
677 602 754 682 post
772 598 907 681 obitum,
922 598 1125 664 Hasdrubale
1142 601 1183 679 [a.
1194 599 1272 680 229]

99 689 296 772 imperatore
316 687 460 770 suffecto,
479 686 638 771 equitatui
658 686 747 751 omni
765 687 916 771 praefuit.
944 685 1016 752 Hoc
1031 709 1158 772 quoque
1176 688 1274 752 inter-

100 778 186 842 fecto
215 779 373 841 exercitus
397 797 557 841 summam
583 775 712 859 imperii
734 777 773 840 ad
803 797 876 840 eum
900 775 1025 840 detulit.
1070 774 1108 839 Id
1134 778 1175 856 [a.
1195 773 1272 862 221]

102 865 336 950 Carthaginem
356 864 498 930 delatum
519 864 645 948 publice
670 864 918 949 comprobatum
942 868 999 928 est.
1037 861 1089 928 Sic
1107 862 1309 929 Hannibale

101 955 210 1019 minor
238 975 294 1018 sex
322 957 355 1017 et
382 953 500 1038 viginti
528 974 630 1017 annos
660 957 756 1017 natus
785 953 962 1038 imperator
991 952 1097 1017 factus
1125 954 1273 1036 proximo

100 1043 240 1108 triennio
272 1063 383 1107 omnes
417 1044 530 1128 gentes
563 1041 741 1125 Hispaniae
774 1041 859 1107 bello
897 1041 1045 1126 subegit:
1084 1039 1274 1127 Saguntum,

101 1131 302 1197 foederatam
310 1128 337 1216 ⁸)
364 1131 542 1213 civitatem,
565 1132 597 1195 vi
621 1131 833 1215 expugnavit,
858 1136 924 1193 tres
948 1130 1107 1194 exercitus
1132 1131 1174 1209 [a.
1192 1129 1272 1210 219]

101 1219 261 1285 maximos
285 1219 495 1303 comparavit.
533 1218 585 1283 Ex
603 1218 655 1282 his
673 1240 774 1283 unum
798 1220 832 1281 in
845 1216 993 1282 Africam
1011 1218 1112 1300 misit,
1134 1219 1309 1283 alteruma

102 1330 173 1374 oum
193 1307 398 1373 Hasdrubale
416 1307 517 1371 fratre
538 1308 572 1372 in
590 1305 752 1391 Hispania
774 1305 915 1390 reliquit,
938 1308 1072 1370 tertium
1090 1306 1124 1371 in
1144 1306 1273 1371 Italiam

103 1419 211 1462 secum
230 1397 329 1461 duxit.
367 1392 495 1461 Saltum
509 1394 713 1480 Pyrenaeum
732 1395 874 1459 transiit.
909 1392 1116 1478 Quacumque
1137 1397 1178 1476 [a.
1193 1395 1272 1474 218]

103 1486 165 1550 iter
188 1486 274 1568 fecit,
298 1506 371 1549 cum
395 1484 545 1550 omnibus
568 1483 683 1548 incolis
707 1483 866 1548 conffixit:
888 1485 1051 1547 neminem
1069 1485 1133 1548 nisi
1152 1484 1274 1548 vietum

103 1574 234 1640 dimisit.
282 1573 332 1637 Ad
357 1573 457 1657 Alpes
481 1577 693 1657 posteaquam
716 1572 815 1655 venit,
838 1594 919 1656 quae
945 1571 1077 1636 Italiam
1101 1573 1144 1637 ab
1167 1571 1309 1636 Galliac

103 1664 287 1748 seiungunt,
311 1684 390 1745 quas
413 1682 508 1726 nemo
531 1682 686 1745 umquam
710 1681 783 1724 cum
808 1661 949 1724 exercitu
971 1663 1047 1725 ante
1070 1681 1144 1724 eum
1167 1664 1273 1724 trans·

100 1752 195 1836 ierat,
225 1749 359 1835 Alpicos
392 1753 546 1815 conantes
574 1771 608 1814 se
639 1748 811 1833 prohibere
843 1749 983 1813 transitu
1014 1749 1168 1831 concidit,
1201 1749 1273 1812 loca

99 1840 269 1922 patefecit,
296 1839 415 1903 itinera
442 1839 574 1922 muniit,
601 1837 771 1922 effecitque
798 1840 834 1901 ut
858 1858 896 1901 ea
925 1837 1114 1920 elephantus
1139 1841 1272 1901 ornatus

98 1927 146 1991 ire
167 1932 369 2012 possetque
393 1930 489 1992 antea
511 1948 595 1991 uuus
619 1926 717 1991 homo
740 1925 871 1990 inermis
890 1927 944 1991 vix
962 1929 1094 2010 poterat
1116 1922 1272 2010 repere9).

100 2016 172 2088 Hae
196 2017 305 2100 copias
328 2016 472 2081 traduxit
494 2016 529 2079 in
550 2013 745 2098 Italiamque
767 2013 923 2099 pervenit.

189 2103 246 2169 IV.
278 2102 476 2169 Conflixerat
494 2103 578 2188 apud
597 2103 793 2168 Rhodanum
815 2125 888 2168 cum
907 2102 942 2167 P.
957 2100 1107 2168 Cornelio
1122 2101 1272 2187 Scipione
1293 2120 1307 2166 1

99 2193 231 2258 consule
268 2213 404 2278 eumque
441 2190 660 2278 pepuleratw).
713 2189 795 2257 Cum
830 2193 943 2257 eodem
981 2192 1065 2276 apud
1099 2191 1223 2256 Padum
1233 2189 1272 2276 11)

100 2281 244 2346 decernit
276 2284 484 2365 sauciumque
516 2281 591 2345 inde
624 2303 661 2346 ac
689 2281 839 2366 fugatum
867 2281 1012 2345 dimittit.
1057 2279 1167 2344 Tertio
1198 2297 1306 2344 cuma

99 2369 184 2434 idem
212 2367 320 2454 Scipio
349 2393 421 2435 cum
453 2370 578 2455 collega
607 2369 656 2433 Ti.
679 2368 794 2452 Longo
828 2369 912 2452 apud
936 2367 1087 2432 Trebiam
1118 2368 1272 2433 adversus
1305 2429 1309 2435 .

100 2479 172 2522 eum
191 2458 343 2537 venisset,
366 2479 464 2522 manu
488 2461 636 2522 conserta
658 2454 858 2542 utrosque¹²)
881 2457 1079 2540 profligavit.
1115 2454 1196 2519 Inde
1214 2478 1272 2540 per

99 2545 234 2632 Ligures
243 2547 475 2632 Appenninum
496 2547 638 2630 transiit,
651 2550 765 2631 petens
778 2545 952 2610 Etruriam.
986 2544 1057 2609 Hoc
1079 2544 1114 2608 in
1135 2546 1177 2625 [a.
1191 2544 1270 2625 217]
1291 2563 1307 2612 3

101 2636 216 2700 itinere
230 2635 310 2700 adeo
325 2636 417 2720 gravi
432 2637 546 2701 morbo
562 2636 712 2701 adficitur
726 2634 902 2716 oculorum,
915 2638 953 2698 ut
965 2636 1080 2717 postea
1093 2654 1272 2717 numquam

99 2724 211 2789 dextro
241 2746 343 2809 aeque
370 2724 452 2789 bene
479 2747 557 2789 usus
585 2726 637 2790 sit.
683 2723 753 2800 Qua
780 2722 965 2788 valetudine
998 2743 1070 2786 cum
1102 2721 1270 2786 etiamtum

99 2819 300 2895 premeretur
328 2813 506 2897 lecticaque
533 2813 680 2897 ferretur,
708 2809 742 2877 O.
765 2811 961 2876 Flaminium
989 2811 1156 2885 consulem
1188 2811 1272 2894 apud

100 2901 358 2966 Trasumennum
374 2924 446 2966 cum
461 2904 603 2966 exercitu
617 2901 742 2966 insidiis
759 2899 1015 2965 circumventum
1030 2900 1155 2983 occidit,
1168 2920 1272 2984 neque

98 2991 201 3054 multo
229 2994 306 3075 post
334 2991 369 3056 in
391 2989 530 3056 Umbria
558 2987 591 3055 O.
616 2989 808 3056 Centenium
832 3011 851 3053 a
874 2987 1009 3054 Servilio
1038 2989 1170 3052 consule
1188 3009 1272 3052 cum

99 3078 222 3142 delecta
250 3102 349 3144 manu
373 3081 492 3145 auxilio
521 3079 570 3143 illi
594 3078 736 3143 missum.
782 3076 882 3162 Hinc,
908 3082 944 3142 ut
967 3077 1072 3140 socios
1095 3075 1228 3140 Italicos
1252 3098 1271 3139 a
1291 3092 1325 3148 4Ι

98 3165 321 3230 Romanorum
350 3168 493 3232 amicitia
522 3171 699 3251 averteret,
726 3165 767 3229 ad
795 3187 884 3229 mare
912 3163 1082 3248 Superum,
1111 3163 1186 3228 inde
1214 3185 1272 3247 per

98 3252 254 3336 Apuliam
279 3259 312 3318 et
334 3252 501 3319 Samnium
524 3256 557 3319 in
581 3275 697 3338 agrum
720 3251 923 3337 Campanum
946 3253 1099 3337 pervenit.

187 3339 227 3405 V.
260 3340 342 3408 (lum
362 3348 470 3407 autem
488 3343 524 3407 in
542 3340 709 3408 Samnium
728 3345 958 3426 reverteretur,
976 3340 1012 3416 Q.
1030 3340 1150 3405 Fabius
1170 3339 1271 3405 Maxi·
1292 3358 1306 3406 1

137 3550 157 3618 ⁷)
176 3549 271 3606 Durch
290 3551 405 3619 quidem
423 3550 494 3607 wird
515 3568 577 3606 cum
595 3551 658 3607 her·
750 3551 783 3619 ¹⁰)
798 3547 1270 3605 Dieswarnureinkleineslteiter·

97 3621 290 3690 vorgehoben‚
318 3638 349 3676 so
373 3622 435 3677 dass
459 3639 489 3677 es
513 3621 574 3677 eine
598 3628 658 3679 ent·
712 3619 834 3691 gesecht.
884 3620 965 3674 Denn
997 3621 1061 3674 dem
1093 3621 1272 3690 Hauptheere

96 3694 319 3760 gegensetzende
337 3692 420 3748 Kratt
438 3692 569 3764 garriunt.
712 3693 761 3746 des
780 3690 883 3761 Scipio,
903 3692 953 3745 der
970 3689 1112 3746 Hannibal
1131 3691 1185 3745 den
1198 3692 1272 3759 Weg

711 3764 780 3817 fiber
794 3763 848 3816 den
858 3762 1011 3817 Rhodanus
1021 3761 1152 3831 verlegen
1166 3760 1270 3830 wollte,

711 3849 769 3887 war
783 3833 874 3887 dieser
888 3832 1148 3901 zurorgelrommen.
1170 3831 1270 3900 Einige

710 3903 839 3959 Hundert
856 3903 953 3958 Reiter
976 3919 1071 3957 waren
1093 3918 1147 3956 von
1170 3901 1271 3955 beiden

132 3975 154 4043 ⁹)
198 3975 383 4030 Rhetorisehe
442 3965 657 4044 llbertreibung.
713 3973 808 4030 Saites
822 3976 873 4028 auf
883 3973 1060 4028 Kundschaft
1073 3987 1272 4042 ausgegangen

96 4046 201 4100 Waren
221 4046 295 4102 doch
314 4045 398 4114 langa
417 4046 518 4101 vorher
533 4044 579 4099 die
594 4044 658 4099 Gal·
711 4043 769 4100 und
788 4061 876 4114 rogen
896 4043 957 4099 sich
974 4045 1049 4098 nach
1070 4043 1134 4097 dem
1153 4041 1272 4097 Gefecht

96 4116 147 4170 liar
175 4117 245 4171 iiber
272 4117 318 4172 die
341 4115 433 4187 Alpen
459 4116 533 4171 nach
555 4115 657 4171 Italian
711 4132 746 4170 nu
764 4115 819 4170 den
836 4115 950 4185 Ihrigen
967 4115 1078 4168 zurflck.

95 4185 277 4256 gekommeu,
305 4188 363 4242 und
390 4205 464 4242 zwar
486 4187 515 4240 in
541 4185 658 4241 wieder·
751 4186 784 4254 ¹¹)
803 4184 930 4241 Genauer
948 4201 994 4240 am
1013 4184 1135 4240 Ticinus.

96 4258 196 4312 holten
210 4256 415 4327 Vblkerzdgen.
443 4256 508 4329 Vgl.
523 4256 604 4313 Arm.
624 4276 658 4311 zu
750 4256 784 4328 ¹⁷)
803 4253 1270 4325 DieTruppensindmitgemeint.

94 4327 175 4384 Eum.
194 4327 269 4397 XIII,
289 4333 314 4383 2.
712 4327 776 4397 Vgl.
795 4327 859 4384 Dat.
877 4327 928 4394 XI,
947 4333 972 4381 2.

134 3797 155 3863 ⁸)
174 3796 227 3852 Die
242 3798 326 3853 stadt
343 3815 401 3853 war
414 3798 657 3866 Bundesgenossin

96 3867 145 3923 der
163 3870 274 3923 Rbmer.
