2812 4786
535 183 696 239 ATTIOUS.
721 190 762 238 ra.
784 191 826 239 13.
1107 243 1109 246 ,
1227 185 1268 250 91

95 349 274 413 immortali
307 347 463 411 memoria
495 350 650 431 percepta
683 347 846 411 retinebat
877 346 1047 410 beneficia:
1085 366 1166 429 quae
1198 345 1269 428 ipse

93 440 266 521 tribuerat,
288 441 367 501 tam·
381 434 435 499 diu
459 435 664 517 meminerat,
688 434 795 518 quoad
816 435 872 499 ille
896 439 1008 518 gratus
1032 438 1115 518 erat,
1137 433 1192 519 qui
1216 455 1269 499 ac-

95 530 235 611 ceperat.
280 523 396 608 Itaque
420 522 533 600 effecit,
557 527 593 587 ut
615 544 690 587 vere
713 522 835 587 dictum
858 523 1019 587 videatur:
1288 536 1304 584 o

217 613 273 678 Sui
298 613 413 696 cuique
437 632 542 675 mores
565 610 694 695 fingunt
717 611 881 675 fortunam
904 605 1149 698 hominibus35).

97 702 209 787 Neque
238 707 348 766 tamen
376 699 468 783 prius
496 698 660 763 fortunam
684 721 781 784 quam
806 721 839 763 se
863 700 932 783 ipse
955 700 1067 784 fingit,
1089 700 1145 782 qui
1169 703 1270 783 cavet,

96 816 136 857 ne
160 815 224 877 qua
246 791 281 855 in
304 810 339 853 re
362 789 431 852 iure
454 787 624 870 plectatur.
705 842 708 846 .
888 827 894 835 ·

183 879 257 945 XII.
292 877 364 942 Illis
396 876 497 961 igitur
528 876 624 940 rebus
657 874 788 941 Atticus
820 876 927 941 effecit
959 879 996 939 ut
1025 876 1069 939 M.
1092 874 1303 958 Vipsanius1

95 968 256 1055 Agrippa,
283 966 400 1030 intima
431 963 657 1029 familiaritate
685 965 873 1030 coniunctus
902 963 1101 1028 adulescenti
1129 962 1270 1042 Caesari,

95 1081 168 1121 cum
192 1059 325 1140 propter
348 1075 441 1118 suam
465 1053 606 1137 gratiam
629 1056 663 1117 et
682 1051 831 1118 Caesaris
850 1052 1032 1136 potentiam
1055 1052 1174 1117 nullius
1194 1073 1269 1117 con·

96 1145 232 1210 dicionis
261 1166 326 1209 non
355 1142 490 1207 haberet
523 1144 735 1225 potestatem,
762 1141 850 1206 illius
878 1141 1086 1225 potissimum
1114 1139 1270 1224 deligeret

96 1234 299 1298 adfinitatem
323 1234 595 1315 praeoptaretque
620 1230 738 1314 equitis
756 1230 895 1295 Romani
917 1230 1018 1294 filiam
1037 1249 1269 1313 generosarum

96 1321 228 1406 nuptiis.
266 1320 374 1403 Atque
393 1318 510 1383 harum
532 1319 721 1403 nuptiarum
744 1320 936 1385 conciliator
956 1318 1018 1382 fuit
1036 1318 1080 1382 M.
1098 1317 1270 1400 Antonius,
1289 1330 1305 1378 2

95 1411 244 1475 triumvir
266 1409 314 1473 rei
336 1408 486 1491 publicae
510 1407 764 1473 constituendae.
803 1406 901 1473 Cuius
925 1407 1032 1492 gratia
1055 1429 1128 1472 cum
1152 1427 1270 1491 augere

96 1499 317 1581 possessiones
340 1500 453 1580 posset
480 1518 571 1576 suas,
597 1499 727 1559 tanturn
757 1496 840 1561 afuit
863 1518 882 1559 a
906 1496 1082 1580 cupiditate
1105 1495 1271 1579 pecuniae,

95 1589 132 1650 ut
154 1587 211 1650 illa
232 1585 323 1648 nulla
350 1584 385 1646 in
407 1605 443 1646 re
466 1586 610 1646 uteretur
632 1583 696 1648 nisi
724 1584 758 1647 in
783 1585 992 1668 deprecandis
1016 1584 1193 1648 amicorum
1217 1583 1270 1648 vel

96 1673 244 1757 periculis
268 1673 319 1737 vel
341 1670 566 1735 incommodis.
611 1670 702 1746 Quod
724 1671 853 1754 quidem
878 1672 937 1736 sub
961 1673 1034 1755 ipsa
1057 1693 1129 1754 pro·
1154 1674 1196 1751 [a.
1210 1670 1267 1750 43]
1289 1685 1305 1732 3

95 1763 271 1847 scriptione
290 1759 476 1844 perillustre
500 1758 569 1823 fuit.
608 1757 638 1824 N
640 1781 693 1823 am
711 1781 785 1824 curn
804 1758 839 1824 L.
855 1757 966 1824 Saufei
985 1759 1104 1843 equitis
1121 1759 1271 1840 Romani,

96 1853 150 1936 qui
162 1850 342 1933 complures
354 1870 456 1912 annos
468 1847 577 1912 studio
588 1847 704 1912 ductus
719 1846 948 1932 philosophiae
956 1847 1094 1912 Athenis
1103 1847 1272 1911 habitarat

94 1941 301 2022 habebatque
328 1938 363 2001 in
390 1937 488 2001 Italia
515 1936 674 2019 pretiosas
703 1937 940 2019 possessiones,
969 1936 1201 2001 consuetudine
1225 1957 1271 2017 ea,

96 2051 160 2112 qua
186 2032 256 2091 tum
283 2047 335 2090 res
369 2024 577 2111 gerebantur,
607 2027 675 2088 tres
702 2024 763 2089 viri
792 2025 878 2089 bona
905 2024 1139 2108 vendidissent,
1167 2023 1272 2089 Attici

95 2116 206 2180 labore
235 2119 332 2199 atque
359 2113 519 2177 industria
546 2112 757 2195 factumest,
786 2116 824 2176 ut
845 2114 958 2178 eodem
981 2114 1097 2178 nuntio
1122 2112 1270 2178 Saufeius

96 2205 186 2268 fieret
213 2203 332 2268 certior
359 2223 394 2265 se
424 2200 656 2283 patrimonium
685 2201 833 2266 amisisse
861 2207 895 2266 et
919 2224 1134 2284 recuperasse.
1179 2202 1306 2265 Idem4

96 2292 131 2356 L.
158 2292 275 2356 Iulium
304 2287 467 2371 Calidum,
505 2311 598 2373 quem
632 2294 707 2373 post
739 2289 880 2354 Lucretii
913 2288 1099 2373 Catullique
1131 2294 1271 2354 mortem

96 2381 199 2444 multo
232 2379 509 2464 elegantissimum
541 2381 672 2461 potitam
704 2381 850 2441 nostram
883 2378 998 2442 tulisse
1028 2382 1167 2442 aetatem
1195 2398 1269 2441 vere

96 2469 207 2532 videor
230 2466 432 2550 contendere,
455 2486 557 2549 neque
580 2465 686 2529 minus
710 2466 815 2530 virum
835 2467 957 2530 bonum
977 2466 1171 2550 optimisque
1196 2467 1271 2529 arti·

97 2558 158 2621 bus
187 2555 361 2639 eruditum,
388 2558 464 2639 post
491 2555 764 2637 proscriptionem
793 2557 939 2638 equitum
970 2559 1105 2639 propter
1135 2574 1271 2638 magnas

97 2646 166 2710 eius
203 2643 375 2709 Africanas
417 2643 640 2727 possessiones
681 2643 716 2706 in
751 2644 1008 2728 proscriptorum
1044 2664 1215 2707 numerum
1252 2665 1272 2708 a

97 2733 132 2800 P.
160 2732 349 2817 Volumnio,
381 2733 544 2815 praefecto
576 2730 705 2795 fabrum
738 2730 891 2817 Antonii,
928 2732 1094 2797 absentem
1131 2732 1271 2795 relatum

97 2822 266 2907 expedivit.
306 2820 399 2896 Quod
416 2821 450 2884 in
468 2815 679 2905 praesenti³⁶)
698 2823 807 2883 utrum
827 2820 857 2884 ei
875 2820 1071 2885 laboriosius
1092 2843 1133 2884 an
1152 2820 1306 2906 glorio-5

98 2912 164 2974 sius
187 2911 295 2995 fuerit,
326 2910 456 2974 difficile
481 2911 531 2973 est
553 2909 709 2991 iudicare,
731 2908 797 2973 nisi
820 2909 905 2992 quod
928 2910 964 2974 in
983 2931 1096 2974 eorum
1117 2909 1271 2992 periculis

96 3021 163 3064 non
186 3021 278 3064 secus
302 2999 451 3063 absentes
475 3020 574 3082 quam
596 3001 784 3080 praesentes
808 2998 931 3063 amicos
950 2998 1062 3064 Attico
1082 3020 1151 3063 esse
1176 3019 1272 3062 curae

96 3110 133 3153 co
180 3089 264 3152 itum
288 3091 347 3151 est.

136 3109 274 3239 anIlI.
297 3173 411 3257 Neque
429 3193 505 3237 vero
527 3172 582 3235 ille
606 3173 713 3237 minus
736 3173 841 3239 bonus
860 3176 954 3258 pater
975 3173 1119 3238 familias
1137 3173 1270 3237 habitus
1291 3189 1306 3238 1

98 3268 148 3328 est
172 3285 269 3348 quam
293 3261 382 3326 ciris.
422 3260 509 3325 Nam
532 3281 605 3324 cum
627 3266 713 3326 esset
734 3263 938 3346 pecuniosus,
962 3283 1057 3327 nemo
1081 3262 1139 3327 illo
1163 3261 1271 3326 minus

96 3353 161 3416 fuit
187 3373 294 3430 emax,
327 3350 433 3414 minus
463 3349 658 3414 aedificator.
702 3347 817 3434 Neque
848 3354 958 3414 tamen
989 3372 1058 3415 non
1089 3351 1124 3414 in
1156 3349 1271 3434 primis

97 3441 180 3505 bene
212 3439 376 3505 habitarit
408 3439 621 3522 omnibusque
659 3438 791 3522 optimis
828 3441 926 3503 rebus
962 3461 1040 3503 usus
1073 3443 1130 3503 est.
1184 3439 1306 3504 Numa

98 3529 230 3594 domum
259 3528 376 3593 habuit
402 3528 438 3592 in
465 3527 549 3592 colle
573 3525 731 3602 Quirinali
754 3524 1076 3613 Tamphilianam³⁷)‚
1097 3522 1145 3592 ‘ab
1173 3549 1272 3593 avun-

97 3619 168 3682 culo
197 3617 378 3682 hereditate
405 3615 566 3700 relictam,
597 3615 688 3680 cuius
716 3617 897 3680 amoenitas
924 3638 991 3681 non
1024 3616 1183 3699 aedificic,
1216 3616 1272 3680 sed

98 3707 180 3771 silva
212 3705 399 3771 constabatz
430 3705 538 3786 ipsum
570 3702 657 3767 enim
689 3706 812 3767 tectum
845 3703 1025 3790 antiquitus
1058 3705 1271 3771 constitutum

97 3793 171 3877 plus
195 3790 443 3876 salubritatis³⁸)
466 3815 564 3878 quam
588 3794 737 3874 sumptus
759 3791 915 3858 habebat:
939 3796 974 3858 in
998 3816 1061 3879 quo
1084 3792 1167 3858 nihil
1186 3815 1272 3857 com-

97 3882 250 3964 mutavit,
272 3883 335 3947 nisi
359 3882 482 3965 siquid
506 3884 669 3946 vetustate
693 3885 823 3946 coactus
847 3885 907 3948 est.
953 3881 1039 3948 Usus
1063 3886 1112 3946 est
1134 3880 1272 3965 familia,
1291 3898 1307 3946 3

99 3971 127 4034 si
154 3971 298 4036 utilitate
318 3970 533 4053 ‚iudicandum
561 3972 625 4053 est,
656 3967 794 4054 optima,
822 3971 851 4035 si
878 3971 997 4055 forma,
1026 3970 1079 4035 vix
1107 3969 1273 4034 mediocri.

136 4126 169 4194 85)
187 4113 360 4182 lambischer
378 4126 479 4192 Senar,
497 4143 547 4180 aus
566 4124 658 4180 einem
750 4127 785 4197 87)
804 4127 885 4182 Nach
899 4127 962 4181 dem
972 4124 1273 4196 Erbaner'l'amphilus

97 4197 298 4254 unbekannten
316 4197 433 4252 Dichter
451 4198 640 4251 entnommen.
712 4196 844 4253 benannt.
1084 4221 1092 4239 ·

135 4269 170 4338 86)
198 4267 286 4324 Unter
316 4270 371 4325 den
402 4267 564 4337 damaligen
590 4266 656 4321 Ver·
749 4268 784 4335 ³⁸)
807 4267 885 4322 Eben
917 4283 1016 4337 wagan
1047 4269 1098 4324 der
1124 4269 1202 4338 Lege
1233 4267 1273 4322 im

96 4340 259 4396 haltnissen.
713 4337 832 4394 Grunen.
