2812 4786
134 165 175 229 16
414 165 461 222 IV.
489 162 702 220 Pausaums.
726 170 752 220 t.
788 163 821 219 V.
850 162 974 219 cimon,
1000 171 1024 219 1.

99 345 112 392 1
220 327 262 393 V.
298 327 360 392 His
382 328 480 393 rebus
504 327 618 411 ephori
646 327 786 412 cognitis
813 347 880 392 non
904 326 1025 391 diutius
1048 328 1303 410 exspectandum

133 418 330 498 statuerunt,
363 416 419 481 sed
454 417 555 480 satius
592 419 747 499 putarunt
779 417 812 479 in
844 417 924 481 urbe
957 437 1029 479 eum
1062 417 1303 501 comprehendi.

133 504 202 581 Quo
226 506 293 570 illis
315 505 468 589 profectis
491 505 679 590 Pausanias,
702 505 761 589 qui'
779 505 917 588 placato,
940 508 976 568 ut
999 505 1146 589 putabat,
1169 506 1301 590 Argilio

131 595 200 678 ipse
223 616 349 678 quoque
368 592 642 658 Lacedaemonem
665 596 852 675 reverterat,
875 614 947 657 cum
971 594 1037 657 iam
1057 594 1092 657 in
1111 615 1148 658 eo
1169 592 1302 682 esset¹⁶)

132 687 169 747 ut
191 683 529 768 comprehenderetur,
552 704 591 746 ex
614 682 706 747 vultu
729 681 895 747 cuiusdam
919 681 1046 766 ephori,
1070 683 1126 765 qui
1150 705 1223 747 eum
1249 684 1301 748 ad-

96 772 257 837 amoneri
284 773 450 856 cupiebat,
476 771 610 836 insidias
639 771 702 835 sibi
730 770 800 835 fieri
830 770 1000 835 intellexit.
1045 769 1159 855 Itaque
1189 774 1303 856 paucis

133 864 207 924 ante
226 861 391 945 gradibus,
410 882 505 945 quam
525 862 579 945 qui
598 882 672 924 eum
691 859 918 945 sequebantur,
941 860 976 924 in
996 860 1105 923 aedem
1125 859 1302 947 Minervae,

131 970 213 1033 quae
245 947 453 1016 Chalcioecos
485 952 633 1031 vocatur,
665 948 820 1033 confugit.
866 948 953 1012 Hinc
983 970 1024 1012 ne
1057 949 1142 1013 exire
1178 955 1302 1035 posset,

131 1037 243 1102 statim
271 1039 385 1122 ephori
408 1039 520 1103 valvas
544 1037 612 1101 eius
641 1036 728 1102 aedis
752 1037 983 1102 obstruxerunt
1012 1041 1213 1121 tectumque,
1239 1061 1302 1123 quo

95 1126 264 1192 scelerius
293 1127 452 1192 subdivo
481 1126 644 1204 interiret,
668 1129 744 1190 sunt
773 1125 925 1190 demoliti.
962 1122 1134 1209 Dicitur17)
1159 1148 1197 1191 eo
1221 1130 1302 1192 tem-

129 1237 208 1298 pore
231 1220 365 1281 matrem
384 1214 563 1279 Pausaniae
587 1214 686 1279 fuisse
710 1215 917 1296 superstitem
936 1236 1070 1298 eamque
1095 1214 1160 1278 iam
1180 1237 1301 1301 magno

129 1307 224 1387 natu,
246 1308 419 1389 postquam
447 1303 486 1368 de
510 1303 629 1368 scelere
657 1303 717 1367 filii
740 1303 910 1386 comperit,
933 1302 1105 1386 inprimis
1129 1304 1168 1367 ad
1198 1304 1302 1368 filium

94 1408 111 1456 4
130 1393 341 1458 claudendum
356 1392 496 1476 lapidem
511 1392 551 1456 ad
570 1392 739 1456 introitum
760 1393 847 1456 aedis
867 1391 1026 1458 attulisse.
1055 1390 1106 1457 Sic
1120 1390 1301 1458 Pausanias

130 1501 282 1565 magnam
309 1481 389 1546 belli
417 1481 555 1565 gloriam
582 1481 671 1564 turpi
704 1483 809 1546 morte
837 1481 1019 1545 maculavit.
1064 1480 1197 1544 Etenim
1228 1503 1301 1547 cum

131 1569 327 1634 semianimis
351 1570 390 1634 de
412 1571 536 1654 templo
561 1569 665 1634 elatus
688 1572 783 1653 esset,
805 1570 976 1634 confestim
1000 1569 1140 1633 animam
1167 1570 1299 1652 [aare]

94 1657 261 1724 tefflavit.
298 1655 397 1724 Cuius
421 1659 542 1723 mortui
565 1680 681 1741 corpus
705 1680 776 1722 cum
801 1654 959 1743 eodem¹⁸)
982 1657 1133 1722 nonnulli
1156 1659 1301 1724 dicerent

129 1746 242 1812 inferri
264 1753 429 1832 oportere,
451 1769 515 1832 quo
540 1748 595 1832 qui
618 1747 659 1811 ad
682 1747 877 1830 supplicium
901 1749 1009 1811 essent
1031 1745 1112 1829 dati,
1135 1746 1301 1830 displicuit

130 1836 285 1921 pluribus,
309 1841 342 1901 et
363 1838 475 1921 procul
483 1833 523 1922 19)
546 1836 587 1901 ab
606 1858 643 1900 eo
662 1836 734 1900 loco
753 1836 948 1920 infoderunt,
967 1856 1030 1919 quo
1051 1839 1121 1899 erat
1144 1840 1301 1901 mortuus.

130 1922 209 1989 Inde
232 1926 393 2007 posterius
418 1925 468 1989 dei
487 1923 638 2009 Delphici
660 1945 817 2008 responso
844 1928 952 1989 erutus
977 1927 1073 2007 atque
1093 1924 1206 1988 eodem
1230 1925 1302 1990 loco

131 2012 277 2095 sepultus
302 2017 364 2098 ast,
387 2014 443 2078 ubi
466 2015 567 2077 vitam
590 2016 752 2096 posuerat.

589 2333 633 2408 V.
675 2333 835 2407 CIMON.

95 2490 110 2538 1
216 2473 241 2540 Ι.
283 2470 411 2557 Cimon,
440 2473 596 2538 Miltiadis
627 2473 728 2554 filius,
758 2471 980 2556 Atheniensis,
1013 2473 1092 2537 duro
1125 2473 1301 2538 admodum

128 2562 222 2626 initio
246 2584 322 2627 usus
346 2566 397 2627 est
420 2562 665 2627 adulescentiae.
697 2561 783 2628 Nam
802 2583 873 2625 oum
891 2565 985 2644 pater
1004 2563 1071 2625 eius
1090 2562 1181 2626 litem
1206 2564 1302 2627 aesti-

129 2654 251 2714 matam
280 2652 400 2734 populo
433 2652 556 2716 solvere
585 2673 652 2715 non
680 2651 842 2734 potuisset
872 2649 914 2714 ob
943 2671 1077 2734 eamque
1108 2672 1238 2715 causam
1268 2653 1302 2716 in

129 2739 267 2803 vinculis
290 2741 428 2823 publicis
451 2739 656 2819 decessisset,
681 2737 794 2803 Cimon
819 2739 930 2802 eadem
958 2739 1104 2804 custodia
1126 2739 1302 2805 tenebatur

128 2848 234 2910 neque
251 2827 378 2912 legibus
394 2829 500 2891 emitti
518 2830 655 2912 poterat,
675 2827 739 2891 nisi
752 2828 933 2911 pecuniam,
953 2849 1017 2912 qua
1030 2832 1123 2911 pater
1141 2829 1300 2893 multatus

94 2921 212 3001 uerat,
240 2917 400 2982 solvisset
444 2915 597 2980 Habebat
625 2919 732 2979 autem
760 2917 795 2979 in
822 2915 1028 2980 matrimonio
1058 2937 1202 2980 sororem
1230 2938 1300 3002 ger-

130 3003 291 3092 manaml)
321 3005 453 3070 nomine
482 3004 669 3089 Elpinicen,
699 3024 766 3068 non
801 3004 906 3068 minus
943 3026 1032 3070 more
1061 3027 1157 3088 quam
1190 3027 1301 3070 amore

130 3092 291 3182 ductus²):
309 3116 448 3178 namque
463 3092 717 3158 Atheniensibus
735 3092 813 3157 licet
827 3093 939 3157 eodem
957 3097 1050 3177 patre
1069 3097 1164 3158 natas
1182 3116 1300 3159 uxores

94 3184 251 3248 educere.
284 3182 391 3248 Huius
411 3182 553 3268 coniugii
571 3182 704 3266 cupidus
723 3179 843 3246 Callias
863 3182 1003 3265 quidam,
1027 3186 1179 3246 nontam
1203 3204 1302 3266 gene-

128 3271 255 3358 rosusi)
288 3295 385 3357 quam
417 3273 624 3358 pecuniosus,
653 3271 707 3355 qui
739 3291 876 3354 magnas
908 3271 1063 3355 pecunias
1093 3292 1131 3335 ex
1159 3272 1301 3336 metallis

167 3481 200 3551 ¹⁶)
219 3445 619 3551 Unpersonlicheltedensart,
633 3499 686 3537 nur
740 3480 771 3535 in
789 3480 839 3536 der
856 3481 937 3535 Neue
961 3481 1039 3549 (Hor.
1059 3482 1110 3534 sat.
1129 3480 1168 3548 11,
1188 3485 1218 3549 6,
1240 3485 1300 3534 105.

129 3552 191 3606 hier
208 3553 265 3606 und
284 3552 426 3620 MiltllII,
442 3561 467 3608 3.
496 3541 686 3608 Oseriates
740 3551 824 3621 Verg.
844 3554 911 3606 Aen.
930 3550 963 3619 X,
983 3552 1054 3620 835).

130 3624 189 3677 erst
206 3622 310 3678 Livius.
338 3623 375 3678 Es
393 3625 445 3690 ist,
465 3625 517 3679 wie
536 3624 622 3679 vieles
641 3623 687 3678 bei
780 3624 799 3691 l)
828 3619 982 3676 Germanus
1010 3622 1072 3676 hier
1094 3620 1147 3676 wie
1170 3621 1301 3679 Praef.4

129 3693 237 3763 Nepos,
269 3711 319 3749 aus
346 3697 396 3750 der
424 3694 687 3764 Umgangssprache
741 3710 818 3774 „vop
843 3692 1004 3817 demselhep
1027 3692 1302 3819 Vllttb‘ldtttehqtn

129 3767 493 3906 eulli)llltteriliporituliche
501 3834 604 3891 dicitur
612 3836 689 3890 steht
741 3766 1300 3905 Ut{illuittiitiostintellegeseinosZeugmla,

128 3924 185 3962 von
206 3908 282 3962 einer
305 3908 448 3962 einzelnen
471 3909 598 3977 Aussage
621 3909 688 3962 oder
742 3907 805 3960 dem
828 3907 982 3976 Wortsprel
1005 3905 1126 3973 auhebe,
1151 3906 1224 3962 auch
1249 3907 1304 3960 auf

129 3978 322 4049 Bohauptung.
359 3979 427 4034 Also
450 3980 524 4034 hier:
543 3995 596 4048 „es
615 3978 685 4033 wird
740 3994 816 4032 more
834 3978 965 4046 beregen.
995 3978 1032 4030 Es
1047 3976 1128 4032 sollte
1143 3977 1304 4046 eigentlich

129 4051 202 4104 auch
220 4051 405 4152 bohauptet‘t
423 4051 503 4105 nicht
521 4050 685 4121 allgemein:
739 4047 847 4131 heilsen
865 4053 1010 4174 uhjffiore
1029 4048 1142 4115 ductus,
1160 4048 1202 4102 ita
1220 4065 1302 4104 more

128 4162 145 4190 ”
152 4121 254 4261 θ181111
264 4165 327 4249 eine
342 4191 478 4248 Schlucht
496 4192 620 4248 ntmlich
636 4193 684 4246 des
739 4137 799 4258 nep)
813 4137 979 4271 1Anlbtnicht
993 4189 1302 4273 eusdembekannten

128 4260 306 4404 ΤΕ11111.
330 4336 360 4390 a
378 4335 484 4404 aaa
502 4334 685 4404 ursana,
739 4260 1302 4402 lettedtutftttttdtt:
