<?xml version="1.0" encoding="UTF-8"?>
<!DOCTYPE html PUBLIC "-//W3C//DTD XHTML 1.0 Transitional//EN"
    "http://www.w3.org/TR/xhtml1/DTD/xhtml1-transitional.dtd">
<html xmlns="http://www.w3.org/1999/xhtml" xml:lang="en" lang="en">
 <head>
  <title>
</title>
<meta http-equiv="Content-Type" content="text/html;charset=utf-8" />
  <meta name='ocr-system' content='tesseract 3.04.00' />
  <meta name='ocr-capabilities' content='ocr_page ocr_carea ocr_par ocr_line ocrx_word'/>
</head>
<body>
  <div class='ocr_page' id='page_1' title='image "./corneliinepotis04nepogoog_0058.png"; bbox 0 0 2812 4786; ppageno 0'>
   <div class='ocr_carea' id='block_1_1' title="bbox 456 147 1234 215">
    <p class='ocr_par' dir='ltr' id='par_1_1' title="bbox 456 147 1234 215">
     <span class='ocr_line' id='line_1_1' title="bbox 456 147 1234 215; baseline 0.004 -13"><span class='ocrx_word' id='word_1_1' title='bbox 456 147 529 203; x_wconf 82' lang='lat' dir='ltr'>XIV.</span> <span class='ocrx_word' id='word_1_2' title='bbox 559 147 740 204; x_wconf 82' lang='lat' dir='ltr'>DATAMES.</span> <span class='ocrx_word' id='word_1_3' title='bbox 765 154 789 203; x_wconf 81' lang='lat'>3.</span> <span class='ocrx_word' id='word_1_4' title='bbox 809 154 834 206; x_wconf 84' lang='lat'>4.</span> <span class='ocrx_word' id='word_1_5' title='bbox 1190 150 1234 215; x_wconf 80' lang='lat'>45</span> 
     </span>
    </p>
   </div>
   <div class='ocr_carea' id='block_1_2' title="bbox 48 309 1275 3684">
    <p class='ocr_par' dir='ltr' id='par_1_2' title="bbox 53 309 1234 466">
     <span class='ocr_line' id='line_1_2' title="bbox 53 309 1234 399; baseline 0.003 -23"><span class='ocrx_word' id='word_1_6' title='bbox 53 311 208 377; x_wconf 88' lang='lat' dir='ltr'>desertus</span> <span class='ocrx_word' id='word_1_7' title='bbox 228 314 322 395; x_wconf 90' lang='lat' dir='ltr'>esset,</span> <span class='ocrx_word' id='word_1_8' title='bbox 339 309 443 376; x_wconf 92' lang='lat' dir='ltr'>nihilo</span> <span class='ocrx_word' id='word_1_9' title='bbox 463 311 564 376; x_wconf 87' lang='lat' dir='ltr'>setius</span> <span class='ocrx_word' id='word_1_10' title='bbox 582 311 801 395; x_wconf 85' lang='lat' dir='ltr'>perseveravit</span> <span class='ocrx_word' id='word_1_11' title='bbox 819 311 990 396; x_wconf 89' lang='lat' dir='ltr'>vivumque</span> <span class='ocrx_word' id='word_1_12' title='bbox 1000 311 1127 398; x_wconf 85' lang='lat' dir='ltr'>Thuym</span> <span class='ocrx_word' id='word_1_13' title='bbox 1147 314 1234 399; x_wconf 89' lang='lat' dir='ltr'>cepit</span> 
     </span>
     <span class='ocr_line' id='line_1_3' title="bbox 55 398 456 466; baseline 0 0"><span class='ocrx_word' id='word_1_14' title='bbox 55 422 133 466; x_wconf 90' lang='lat' dir='ltr'>oum</span> <span class='ocrx_word' id='word_1_15' title='bbox 155 422 256 466; x_wconf 81' lang='lat' dir='ltr'>uxore</span> <span class='ocrx_word' id='word_1_16' title='bbox 280 406 312 464; x_wconf 92' lang='lat' dir='ltr'>et</span> <span class='ocrx_word' id='word_1_17' title='bbox 333 398 456 466; x_wconf 85' lang='lat' dir='ltr'>liberis.</span> 
     </span>
    </p>

    <p class='ocr_par' dir='ltr' id='par_1_3' title="bbox 55 488 1270 2174">
     <span class='ocr_line' id='line_1_4' title="bbox 151 488 1268 575; baseline 0.004 -23"><span class='ocrx_word' id='word_1_18' title='bbox 151 488 210 554; x_wconf 92' lang='lat' dir='ltr'>III.</span> <span class='ocrx_word' id='word_1_19' title='bbox 239 488 339 555; x_wconf 90' lang='lat' dir='ltr'>Cuius</span> <span class='ocrx_word' id='word_1_20' title='bbox 361 488 441 552; x_wconf 87' lang='lat' dir='ltr'>facti</span> <span class='ocrx_word' id='word_1_21' title='bbox 464 509 505 553; x_wconf 92' lang='lat' dir='ltr'>ne</span> <span class='ocrx_word' id='word_1_22' title='bbox 528 489 617 571; x_wconf 90' lang='lat' dir='ltr'>prius</span> <span class='ocrx_word' id='word_1_23' title='bbox 640 488 729 554; x_wconf 85' lang='lat' dir='ltr'>fama</span> <span class='ocrx_word' id='word_1_24' title='bbox 752 490 792 553; x_wconf 90' lang='lat' dir='ltr'>ad</span> <span class='ocrx_word' id='word_1_25' title='bbox 816 509 924 573; x_wconf 90' lang='lat' dir='ltr'>regem</span> <span class='ocrx_word' id='word_1_26' title='bbox 949 512 1046 573; x_wconf 91' lang='lat' dir='ltr'>quam</span> <span class='ocrx_word' id='word_1_27' title='bbox 1068 490 1139 575; x_wconf 90' lang='lat' dir='ltr'>ipse</span> <span class='ocrx_word' id='word_1_28' title='bbox 1162 509 1268 574; x_wconf 90' lang='lat' dir='ltr'>per-1</span> 
     </span>
     <span class='ocr_line' id='line_1_5' title="bbox 58 576 1234 661; baseline 0.003 -18"><span class='ocrx_word' id='word_1_29' title='bbox 58 579 199 660; x_wconf 79' lang='lat' dir='ltr'>veniret,</span> <span class='ocrx_word' id='word_1_30' title='bbox 228 578 316 643; x_wconf 92' lang='lat' dir='ltr'>dedit</span> <span class='ocrx_word' id='word_1_31' title='bbox 342 599 483 661; x_wconf 83' lang='lat' dir='ltr'><strong>operam.</strong></span> <span class='ocrx_word' id='word_1_32' title='bbox 528 576 642 661; x_wconf 88' lang='lat' dir='ltr'>Itaque</span> <span class='ocrx_word' id='word_1_33' title='bbox 674 579 824 642; x_wconf 92' lang='lat' dir='ltr'>omnibus</span> <span class='ocrx_word' id='word_1_34' title='bbox 857 579 967 643; x_wconf 89' lang='lat' dir='ltr'>insciis</span> <span class='ocrx_word' id='word_1_35' title='bbox 995 601 1047 661; x_wconf 93' lang='lat' dir='ltr'>eo,</span> <span class='ocrx_word' id='word_1_36' title='bbox 1079 579 1136 644; x_wconf 90' lang='lat' dir='ltr'>ubi</span> <span class='ocrx_word' id='word_1_37' title='bbox 1164 584 1234 645; x_wconf 92' lang='lat' dir='ltr'>erat</span> 
     </span>
     <span class='ocr_line' id='line_1_6' title="bbox 55 665 1233 753; baseline 0.003 -23"><span class='ocrx_word' id='word_1_38' title='bbox 55 689 131 753; x_wconf 86' lang='lat' dir='ltr'>rex,</span> <span class='ocrx_word' id='word_1_39' title='bbox 159 667 247 732; x_wconf 86' lang='lat' dir='ltr'>venit</span> <span class='ocrx_word' id='word_1_40' title='bbox 273 670 470 751; x_wconf 89' lang='lat' dir='ltr'>posteroque</span> <span class='ocrx_word' id='word_1_41' title='bbox 499 665 549 731; x_wconf 91' lang='lat' dir='ltr'>die</span> <span class='ocrx_word' id='word_1_42' title='bbox 574 665 717 750; x_wconf 83' lang='lat' dir='ltr'>Thuym,</span> <span class='ocrx_word' id='word_1_43' title='bbox 743 667 908 732; x_wconf 91' lang='lat' dir='ltr'>hominem</span> <span class='ocrx_word' id='word_1_44' title='bbox 932 669 1066 733; x_wconf 87' lang='lat' dir='ltr'>maximi</span> <span class='ocrx_word' id='word_1_45' title='bbox 1088 669 1233 752; x_wconf 91' lang='lat' dir='ltr'>corporis</span> 
     </span>
     <span class='ocr_line' id='line_1_7' title="bbox 56 753 1233 842; baseline 0.001 -21"><span class='ocrx_word' id='word_1_46' title='bbox 56 756 261 840; x_wconf 80' lang='lat' dir='ltr'>terribilique</span> <span class='ocrx_word' id='word_1_47' title='bbox 289 756 386 841; x_wconf 86' lang='lat' dir='ltr'>facie,</span> <span class='ocrx_word' id='word_1_48' title='bbox 418 753 503 839; x_wconf 90' lang='lat' dir='ltr'>quod</span> <span class='ocrx_word' id='word_1_49' title='bbox 537 759 569 819; x_wconf 92' lang='lat' dir='ltr'>et</span> <span class='ocrx_word' id='word_1_50' title='bbox 596 755 690 840; x_wconf 80' lang='lat' dir='ltr'>niger</span> <span class='ocrx_word' id='word_1_51' title='bbox 723 760 755 820; x_wconf 89' lang='lat' dir='ltr'>et</span> <span class='ocrx_word' id='word_1_52' title='bbox 785 757 902 840; x_wconf 80' lang='lat' dir='ltr'>capillo</span> <span class='ocrx_word' id='word_1_53' title='bbox 935 758 1035 842; x_wconf 89' lang='lat' dir='ltr'>longo</span> <span class='ocrx_word' id='word_1_54' title='bbox 1067 757 1233 842; x_wconf 81' lang='lat' dir='ltr'>barbaque</span> 
     </span>
     <span class='ocr_line' id='line_1_8' title="bbox 58 844 1232 931; baseline 0.001 -22"><span class='ocrx_word' id='word_1_55' title='bbox 58 848 132 909; x_wconf 92' lang='lat' dir='ltr'>erat</span> <span class='ocrx_word' id='word_1_56' title='bbox 153 845 324 928; x_wconf 89' lang='lat' dir='ltr'>promissa,</span> <span class='ocrx_word' id='word_1_57' title='bbox 347 845 471 928; x_wconf 89' lang='lat' dir='ltr'>optima</span> <span class='ocrx_word' id='word_1_58' title='bbox 494 847 584 909; x_wconf 87' lang='lat' dir='ltr'>veste</span> <span class='ocrx_word' id='word_1_59' title='bbox 603 844 696 931; x_wconf 86' lang='lat' dir='ltr'>texit,</span> <span class='ocrx_word' id='word_1_60' title='bbox 719 866 816 928; x_wconf 89' lang='lat' dir='ltr'>quam</span> <span class='ocrx_word' id='word_1_61' title='bbox 840 849 991 929; x_wconf 78' lang='lat' dir='ltr'>satrapae</span> <span class='ocrx_word' id='word_1_62' title='bbox 1014 847 1097 930; x_wconf 89' lang='lat' dir='ltr'>regii</span> <span class='ocrx_word' id='word_1_63' title='bbox 1121 867 1232 931; x_wconf 85' lang='lat' dir='ltr'>gerere</span> 
     </span>
     <span class='ocr_line' id='line_1_9' title="bbox 58 933 1234 1018; baseline 0.001 -19"><span class='ocrx_word' id='word_1_64' title='bbox 58 937 266 1018; x_wconf 88' lang='lat' dir='ltr'>consuerant,</span> <span class='ocrx_word' id='word_1_65' title='bbox 288 934 417 998; x_wconf 85' lang='lat' dir='ltr'>ornavit</span> <span class='ocrx_word' id='word_1_66' title='bbox 440 933 538 997; x_wconf 89' lang='lat' dir='ltr'>etiam</span> <span class='ocrx_word' id='word_1_67' title='bbox 562 936 677 1017; x_wconf 90' lang='lat' dir='ltr'>torque</span> <span class='ocrx_word' id='word_1_68' title='bbox 701 938 798 1017; x_wconf 88' lang='lat' dir='ltr'>atque</span> <span class='ocrx_word' id='word_1_69' title='bbox 822 934 958 999; x_wconf 86' lang='lat' dir='ltr'>armillis</span> <span class='ocrx_word' id='word_1_70' title='bbox 982 936 1089 999; x_wconf 88' lang='lat' dir='ltr'>aureis</span> <span class='ocrx_word' id='word_1_71' title='bbox 1113 938 1234 1001; x_wconf 91' lang='lat' dir='ltr'>cetero·</span> 
     </span>
     <span class='ocr_line' id='line_1_10' title="bbox 58 1021 1268 1107; baseline 0.002 -20"><span class='ocrx_word' id='word_1_72' title='bbox 58 1044 122 1107; x_wconf 91' lang='lat' dir='ltr'>que</span> <span class='ocrx_word' id='word_1_73' title='bbox 140 1022 231 1106; x_wconf 87' lang='lat' dir='ltr'>regio</span> <span class='ocrx_word' id='word_1_74' title='bbox 251 1023 349 1104; x_wconf 86' lang='lat' dir='ltr'>cultu,</span> <span class='ocrx_word' id='word_1_75' title='bbox 367 1023 437 1105; x_wconf 92' lang='lat' dir='ltr'>ipse</span> <span class='ocrx_word' id='word_1_76' title='bbox 457 1023 579 1106; x_wconf 92' lang='lat' dir='ltr'>agresti</span> <span class='ocrx_word' id='word_1_77' title='bbox 596 1021 717 1104; x_wconf 78' lang='lat' dir='ltr'>duplici</span> <span class='ocrx_word' id='word_1_78' title='bbox 737 1023 876 1088; x_wconf 89' lang='lat' dir='ltr'>amiculo</span> <span class='ocrx_word' id='word_1_79' title='bbox 895 1023 1114 1088; x_wconf 91' lang='lat' dir='ltr'>circumdatus</span> <span class='ocrx_word' id='word_1_80' title='bbox 1132 1023 1233 1088; x_wconf 88' lang='lat' dir='ltr'>hirta·</span> <span class='ocrx_word' id='word_1_81' title='bbox 1252 1041 1268 1089; x_wconf 79' lang='lat'><strong>2</strong></span> 
     </span>
     <span class='ocr_line' id='line_1_11' title="bbox 58 1111 1233 1197; baseline 0 -21"><span class='ocrx_word' id='word_1_82' title='bbox 58 1133 122 1196; x_wconf 91' lang='lat' dir='ltr'>que</span> <span class='ocrx_word' id='word_1_83' title='bbox 145 1112 266 1193; x_wconf 89' lang='lat' dir='ltr'>tunica,</span> <span class='ocrx_word' id='word_1_84' title='bbox 290 1131 406 1195; x_wconf 88' lang='lat' dir='ltr'>gerens</span> <span class='ocrx_word' id='word_1_85' title='bbox 429 1111 465 1174; x_wconf 89' lang='lat' dir='ltr'>in</span> <span class='ocrx_word' id='word_1_86' title='bbox 488 1111 595 1194; x_wconf 90' lang='lat' dir='ltr'>capite</span> <span class='ocrx_word' id='word_1_87' title='bbox 619 1111 744 1192; x_wconf 87' lang='lat' dir='ltr'>galeam</span> <span class='ocrx_word' id='word_1_88' title='bbox 764 1111 975 1197; x_wconf 73' lang='lat' dir='ltr'>venatoriam,</span> <span class='ocrx_word' id='word_1_89' title='bbox 997 1112 1111 1176; x_wconf 88' lang='lat' dir='ltr'>dextra</span> <span class='ocrx_word' id='word_1_90' title='bbox 1132 1134 1233 1176; x_wconf 88' lang='lat' dir='ltr'>manu</span> 
     </span>
     <span class='ocr_line' id='line_1_12' title="bbox 59 1199 1234 1286; baseline 0.001 -22"><span class='ocrx_word' id='word_1_91' title='bbox 59 1201 198 1285; x_wconf 82' lang='lat' dir='ltr'>clavam,</span> <span class='ocrx_word' id='word_1_92' title='bbox 211 1200 343 1264; x_wconf 88' lang='lat' dir='ltr'>sinistra</span> <span class='ocrx_word' id='word_1_93' title='bbox 362 1199 523 1283; x_wconf 88' lang='lat' dir='ltr'>copulam,</span> <span class='ocrx_word' id='word_1_94' title='bbox 538 1221 602 1283; x_wconf 90' lang='lat' dir='ltr'>qua</span> <span class='ocrx_word' id='word_1_95' title='bbox 615 1200 759 1263; x_wconf 83' lang='lat' dir='ltr'>vinctum</span> <span class='ocrx_word' id='word_1_96' title='bbox 778 1205 852 1264; x_wconf 90' lang='lat' dir='ltr'>ante</span> <span class='ocrx_word' id='word_1_97' title='bbox 871 1222 904 1265; x_wconf 90' lang='lat' dir='ltr'>se</span> <span class='ocrx_word' id='word_1_98' title='bbox 918 1199 1087 1285; x_wconf 78' lang='lat' dir='ltr'>Thuynem</span> <span class='ocrx_word' id='word_1_99' title='bbox 1105 1201 1234 1286; x_wconf 85' lang='lat' dir='ltr'>agebat,</span> 
     </span>
     <span class='ocr_line' id='line_1_13' title="bbox 58 1288 1267 1372; baseline 0.002 -19"><span class='ocrx_word' id='word_1_100' title='bbox 58 1291 98 1354; x_wconf 88' lang='lat' dir='ltr'>ut</span> <span class='ocrx_word' id='word_1_101' title='bbox 121 1289 148 1353; x_wconf 92' lang='lat' dir='ltr'>si</span> <span class='ocrx_word' id='word_1_102' title='bbox 172 1289 275 1353; x_wconf 86' lang='lat' dir='ltr'>feram</span> <span class='ocrx_word' id='word_1_103' title='bbox 297 1288 437 1353; x_wconf 90' lang='lat' dir='ltr'>bestiam</span> <span class='ocrx_word' id='word_1_104' title='bbox 460 1293 589 1372; x_wconf 88' lang='lat' dir='ltr'>captam</span> <span class='ocrx_word' id='word_1_105' title='bbox 617 1288 755 1353; x_wconf 90' lang='lat' dir='ltr'>duceret.</span> <span class='ocrx_word' id='word_1_106' title='bbox 802 1288 904 1365; x_wconf 83' lang='lat' dir='ltr'>Quem</span> <span class='ocrx_word' id='word_1_107' title='bbox 926 1311 999 1354; x_wconf 89' lang='lat' dir='ltr'>cum</span> <span class='ocrx_word' id='word_1_108' title='bbox 1023 1311 1135 1355; x_wconf 89' lang='lat' dir='ltr'>omnes</span> <span class='ocrx_word' id='word_1_109' title='bbox 1159 1311 1232 1354; x_wconf 91' lang='lat' dir='ltr'>con·</span> <span class='ocrx_word' id='word_1_110' title='bbox 1251 1307 1267 1355; x_wconf 85' lang='lat'>3</span> 
     </span>
     <span class='ocr_line' id='line_1_14' title="bbox 59 1374 1233 1463; baseline 0.001 -21"><span class='ocrx_word' id='word_1_111' title='bbox 59 1374 255 1462; x_wconf 76' lang='lat' dir='ltr'>spicerent9)</span> <span class='ocrx_word' id='word_1_112' title='bbox 278 1382 411 1461; x_wconf 85' lang='lat' dir='ltr'>propter</span> <span class='ocrx_word' id='word_1_113' title='bbox 434 1377 612 1442; x_wconf 86' lang='lat' dir='ltr'>novitatem</span> <span class='ocrx_word' id='word_1_114' title='bbox 636 1380 770 1442; x_wconf 89' lang='lat' dir='ltr'>omatus</span> <span class='ocrx_word' id='word_1_115' title='bbox 792 1377 1005 1463; x_wconf 91' lang='lat' dir='ltr'>ignotamque</span> <span class='ocrx_word' id='word_1_116' title='bbox 1029 1378 1167 1442; x_wconf 88' lang='lat' dir='ltr'>formam</span> <span class='ocrx_word' id='word_1_117' title='bbox 1191 1380 1233 1444; x_wconf 93' lang='lat' dir='ltr'>ob</span> 
     </span>
     <span class='ocr_line' id='line_1_15' title="bbox 58 1466 1233 1554; baseline 0.002 -24"><span class='ocrx_word' id='word_1_118' title='bbox 58 1487 197 1550; x_wconf 90' lang='lat' dir='ltr'>eamque</span> <span class='ocrx_word' id='word_1_119' title='bbox 220 1488 290 1531; x_wconf 89' lang='lat' dir='ltr'>rem</span> <span class='ocrx_word' id='word_1_120' title='bbox 312 1486 449 1550; x_wconf 87' lang='lat' dir='ltr'>magnus</span> <span class='ocrx_word' id='word_1_121' title='bbox 473 1472 559 1531; x_wconf 89' lang='lat' dir='ltr'>esset</span> <span class='ocrx_word' id='word_1_122' title='bbox 578 1488 764 1551; x_wconf 79' lang='lat' dir='ltr'>concursus,</span> <span class='ocrx_word' id='word_1_123' title='bbox 786 1466 851 1531; x_wconf 85' lang='lat' dir='ltr'>luit</span> <span class='ocrx_word' id='word_1_124' title='bbox 868 1489 1039 1550; x_wconf 89' lang='lat' dir='ltr'>nonnemo,</span> <span class='ocrx_word' id='word_1_125' title='bbox 1059 1469 1113 1551; x_wconf 90' lang='lat' dir='ltr'>qui</span> <span class='ocrx_word' id='word_1_126' title='bbox 1134 1489 1233 1554; x_wconf 87' lang='lat' dir='ltr'>agno-</span> 
     </span>
     <span class='ocr_line' id='line_1_16' title="bbox 56 1554 1270 1640; baseline 0.001 -21"><span class='ocrx_word' id='word_1_127' title='bbox 56 1560 167 1620; x_wconf 89' lang='lat' dir='ltr'>sceret</span> <span class='ocrx_word' id='word_1_128' title='bbox 183 1554 312 1639; x_wconf 86' lang='lat' dir='ltr'>Thuym</span> <span class='ocrx_word' id='word_1_129' title='bbox 330 1555 465 1640; x_wconf 90' lang='lat' dir='ltr'>regique</span> <span class='ocrx_word' id='word_1_130' title='bbox 482 1556 658 1619; x_wconf 88' lang='lat' dir='ltr'>nuntiaret.</span> <span class='ocrx_word' id='word_1_131' title='bbox 696 1555 729 1619; x_wconf 90' lang='lat' dir='ltr'>Is</span> <span class='ocrx_word' id='word_1_132' title='bbox 748 1556 853 1638; x_wconf 90' lang='lat' dir='ltr'>primo</span> <span class='ocrx_word' id='word_1_133' title='bbox 877 1578 943 1620; x_wconf 93' lang='lat' dir='ltr'>non</span> <span class='ocrx_word' id='word_1_134' title='bbox 963 1556 1151 1621; x_wconf 86' lang='lat' dir='ltr'>accredidit:</span> <span class='ocrx_word' id='word_1_135' title='bbox 1175 1558 1233 1621; x_wconf 92' lang='lat' dir='ltr'>ita·</span> <span class='ocrx_word' id='word_1_136' title='bbox 1253 1573 1270 1620; x_wconf 86' lang='lat'>4</span> 
     </span>
     <span class='ocr_line' id='line_1_17' title="bbox 58 1644 1234 1730; baseline 0 -21"><span class='ocrx_word' id='word_1_137' title='bbox 58 1665 123 1728; x_wconf 89' lang='lat' dir='ltr'>que</span> <span class='ocrx_word' id='word_1_138' title='bbox 142 1644 232 1709; x_wconf 86' lang='lat' dir='ltr'>misit</span> <span class='ocrx_word' id='word_1_139' title='bbox 251 1645 391 1730; x_wconf 89' lang='lat' dir='ltr'>aliquem</span> <span class='ocrx_word' id='word_1_140' title='bbox 411 1645 622 1728; x_wconf 83' lang='lat' dir='ltr'>exploratum.</span> <span class='ocrx_word' id='word_1_141' title='bbox 656 1644 686 1707; x_wconf 83' lang='lat' dir='ltr'><strong>A</strong></span> <span class='ocrx_word' id='word_1_142' title='bbox 704 1666 767 1728; x_wconf 94' lang='lat' dir='ltr'>quo</span> <span class='ocrx_word' id='word_1_143' title='bbox 787 1648 823 1709; x_wconf 92' lang='lat' dir='ltr'>ut</span> <span class='ocrx_word' id='word_1_144' title='bbox 840 1666 908 1709; x_wconf 91' lang='lat' dir='ltr'>rem</span> <span class='ocrx_word' id='word_1_145' title='bbox 924 1649 1049 1729; x_wconf 88' lang='lat' dir='ltr'>gestam</span> <span class='ocrx_word' id='word_1_146' title='bbox 1069 1646 1234 1729; x_wconf 89' lang='lat' dir='ltr'>comperit,</span> 
     </span>
     <span class='ocr_line' id='line_1_18' title="bbox 58 1733 1232 1817; baseline 0.001 -20"><span class='ocrx_word' id='word_1_147' title='bbox 58 1733 176 1798; x_wconf 88' lang='lat' dir='ltr'>statim</span> <span class='ocrx_word' id='word_1_148' title='bbox 199 1733 329 1799; x_wconf 89' lang='lat' dir='ltr'>admitti</span> <span class='ocrx_word' id='word_1_149' title='bbox 347 1734 441 1798; x_wconf 91' lang='lat' dir='ltr'>illum</span> <span class='ocrx_word' id='word_1_150' title='bbox 460 1733 564 1815; x_wconf 90' lang='lat' dir='ltr'>iussit,</span> <span class='ocrx_word' id='word_1_151' title='bbox 588 1753 707 1814; x_wconf 87' lang='lat' dir='ltr'>magno</span> <span class='ocrx_word' id='word_1_152' title='bbox 731 1755 829 1817; x_wconf 89' lang='lat' dir='ltr'>opere</span> <span class='ocrx_word' id='word_1_153' title='bbox 853 1733 1030 1798; x_wconf 86' lang='lat' dir='ltr'>delectatus</span> <span class='ocrx_word' id='word_1_154' title='bbox 1055 1755 1128 1798; x_wconf 92' lang='lat' dir='ltr'>cum</span> <span class='ocrx_word' id='word_1_155' title='bbox 1146 1734 1232 1799; x_wconf 86' lang='lat' dir='ltr'>facto</span> 
     </span>
     <span class='ocr_line' id='line_1_19' title="bbox 56 1821 1233 1907; baseline -0.002 -21"><span class='ocrx_word' id='word_1_156' title='bbox 56 1824 132 1886; x_wconf 91' lang='lat' dir='ltr'>tum</span> <span class='ocrx_word' id='word_1_157' title='bbox 151 1825 278 1905; x_wconf 90' lang='lat' dir='ltr'>ornatu,</span> <span class='ocrx_word' id='word_1_158' title='bbox 298 1824 333 1886; x_wconf 92' lang='lat' dir='ltr'>in</span> <span class='ocrx_word' id='word_1_159' title='bbox 347 1823 460 1906; x_wconf 90' lang='lat' dir='ltr'>primis</span> <span class='ocrx_word' id='word_1_160' title='bbox 475 1821 562 1907; x_wconf 90' lang='lat' dir='ltr'>quod</span> <span class='ocrx_word' id='word_1_161' title='bbox 580 1821 699 1886; x_wconf 92' lang='lat' dir='ltr'>nobilis</span> <span class='ocrx_word' id='word_1_162' title='bbox 714 1843 770 1886; x_wconf 88' lang='lat' dir='ltr'>rex</span> <span class='ocrx_word' id='word_1_163' title='bbox 788 1823 973 1905; x_wconf 90' lang='lat' dir='ltr'>inopinanti</span> <span class='ocrx_word' id='word_1_164' title='bbox 986 1823 1020 1886; x_wconf 96' lang='lat' dir='ltr'>in</span> <span class='ocrx_word' id='word_1_165' title='bbox 1033 1825 1233 1904; x_wconf 86' lang='lat' dir='ltr'>potestatem</span> 
     </span>
     <span class='ocr_line' id='line_1_20' title="bbox 55 1906 1267 1996; baseline 0 -22"><span class='ocrx_word' id='word_1_166' title='bbox 55 1914 201 1976; x_wconf 85' lang='lat' dir='ltr'>venerat.</span> <span class='ocrx_word' id='word_1_167' title='bbox 253 1909 366 1994; x_wconf 85' lang='lat' dir='ltr'>Itaque</span> <span class='ocrx_word' id='word_1_168' title='bbox 394 1912 564 1996; x_wconf 87' lang='lat' dir='ltr'>magnifice</span> <span class='ocrx_word' id='word_1_169' title='bbox 592 1906 766 1975; x_wconf 89' lang='lat' dir='ltr'>Datamem</span> <span class='ocrx_word' id='word_1_170' title='bbox 799 1911 954 1975; x_wconf 89' lang='lat' dir='ltr'>donatum</span> <span class='ocrx_word' id='word_1_171' title='bbox 983 1911 1023 1975; x_wconf 92' lang='lat' dir='ltr'>ad</span> <span class='ocrx_word' id='word_1_172' title='bbox 1056 1911 1267 1975; x_wconf 79' lang='lat' dir='ltr'>exercitumo</span> 
     </span>
     <span class='ocr_line' id='line_1_21' title="bbox 56 1999 1232 2083; baseline -0.002 -19"><span class='ocrx_word' id='word_1_173' title='bbox 56 2000 169 2082; x_wconf 90' lang='lat' dir='ltr'>misit,</span> <span class='ocrx_word' id='word_1_174' title='bbox 200 2000 256 2083; x_wconf 89' lang='lat' dir='ltr'>qui</span> <span class='ocrx_word' id='word_1_175' title='bbox 287 2003 358 2063; x_wconf 88' lang='lat' dir='ltr'>tum</span> <span class='ocrx_word' id='word_1_176' title='bbox 395 1999 647 2064; x_wconf 87' lang='lat' dir='ltr'>contrahebatur</span> <span class='ocrx_word' id='word_1_177' title='bbox 679 1999 757 2064; x_wconf 92' lang='lat' dir='ltr'>duce</span> <span class='ocrx_word' id='word_1_178' title='bbox 789 2000 1000 2065; x_wconf 86' lang='lat' dir='ltr'>Pharnabazo</span> <span class='ocrx_word' id='word_1_179' title='bbox 1039 1999 1081 2064; x_wconf 91' lang='lat' dir='ltr'>ad</span> <span class='ocrx_word' id='word_1_180' title='bbox 1113 2000 1232 2064; x_wconf 91' lang='lat' dir='ltr'>bellum</span> 
     </span>
     <span class='ocr_line' id='line_1_22' title="bbox 55 2086 955 2174; baseline 0 -22"><span class='ocrx_word' id='word_1_181' title='bbox 55 2086 320 2174; x_wconf 84' lang='lat' dir='ltr'>Aegyptium¹⁰),</span> <span class='ocrx_word' id='word_1_182' title='bbox 343 2089 477 2172; x_wconf 89' lang='lat' dir='ltr'>parique</span> <span class='ocrx_word' id='word_1_183' title='bbox 500 2110 573 2152; x_wconf 90' lang='lat' dir='ltr'>eum</span> <span class='ocrx_word' id='word_1_184' title='bbox 596 2091 731 2172; x_wconf 89' lang='lat' dir='ltr'>imperio</span> <span class='ocrx_word' id='word_1_185' title='bbox 745 2110 827 2153; x_wconf 86' lang='lat' dir='ltr'>esse</span> <span class='ocrx_word' id='word_1_186' title='bbox 850 2089 955 2154; x_wconf 85' lang='lat' dir='ltr'>iussit.</span> 
     </span>
    </p>

    <p class='ocr_par' dir='ltr' id='par_1_4' title="bbox 48 2175 1275 3684">
     <span class='ocr_line' id='line_1_23' title="bbox 149 2175 1266 2260; baseline -0.001 -18"><span class='ocrx_word' id='word_1_187' title='bbox 149 2175 204 2242; x_wconf 84' lang='lat' dir='ltr'>IV.</span> <span class='ocrx_word' id='word_1_188' title='bbox 237 2175 299 2242; x_wconf 83' lang='lat' dir='ltr'>Sed</span> <span class='ocrx_word' id='word_1_189' title='bbox 327 2178 372 2260; x_wconf 90' lang='lat' dir='ltr'>ei,</span> <span class='ocrx_word' id='word_1_190' title='bbox 404 2199 476 2242; x_wconf 92' lang='lat' dir='ltr'>cum</span> <span class='ocrx_word' id='word_1_191' title='bbox 503 2177 645 2242; x_wconf 85' lang='lat' dir='ltr'>maximo</span> <span class='ocrx_word' id='word_1_192' title='bbox 679 2179 787 2242; x_wconf 90' lang='lat' dir='ltr'>studio</span> <span class='ocrx_word' id='word_1_193' title='bbox 821 2181 1025 2260; x_wconf 89' lang='lat' dir='ltr'>compararet</span> <span class='ocrx_word' id='word_1_194' title='bbox 1057 2178 1266 2242; x_wconf 86' lang='lat' dir='ltr'>exercitum1</span> 
     </span>
     <span class='ocr_line' id='line_1_24' title="bbox 54 2265 1233 2351; baseline 0.001 -22"><span class='ocrx_word' id='word_1_195' title='bbox 54 2265 311 2350; x_wconf 82' lang='lat' dir='ltr'>Aegyptumque</span> <span class='ocrx_word' id='word_1_196' title='bbox 338 2265 497 2349; x_wconf 88' lang='lat' dir='ltr'>proficisci</span> <span class='ocrx_word' id='word_1_197' title='bbox 524 2271 668 2351; x_wconf 89' lang='lat' dir='ltr'>pararet,</span> <span class='ocrx_word' id='word_1_198' title='bbox 701 2267 810 2331; x_wconf 87' lang='lat' dir='ltr'>subito</span> <span class='ocrx_word' id='word_1_199' title='bbox 842 2289 861 2331; x_wconf 90' lang='lat' dir='ltr'>a</span> <span class='ocrx_word' id='word_1_200' title='bbox 889 2287 964 2351; x_wconf 92' lang='lat' dir='ltr'>rege</span> <span class='ocrx_word' id='word_1_201' title='bbox 996 2266 1125 2330; x_wconf 89' lang='lat' dir='ltr'>litterae</span> <span class='ocrx_word' id='word_1_202' title='bbox 1157 2271 1233 2330; x_wconf 91' lang='lat' dir='ltr'>sunt</span> 
     </span>
     <span class='ocr_line' id='line_1_25' title="bbox 55 2352 1231 2439; baseline 0 -22"><span class='ocrx_word' id='word_1_203' title='bbox 55 2352 194 2436; x_wconf 89' lang='lat' dir='ltr'>missae,</span> <span class='ocrx_word' id='word_1_204' title='bbox 217 2359 254 2419; x_wconf 90' lang='lat' dir='ltr'>ut</span> <span class='ocrx_word' id='word_1_205' title='bbox 276 2354 391 2438; x_wconf 86' lang='lat' dir='ltr'>Aspim</span> <span class='ocrx_word' id='word_1_206' title='bbox 416 2355 654 2439; x_wconf 82' lang='lat' dir='ltr'>aggrederetur,</span> <span class='ocrx_word' id='word_1_207' title='bbox 677 2355 732 2438; x_wconf 90' lang='lat' dir='ltr'>qui</span> <span class='ocrx_word' id='word_1_208' title='bbox 755 2353 946 2419; x_wconf 74' lang='lat' dir='ltr'>Cataoniam</span> <span class='ocrx_word' id='word_1_209' title='bbox 970 2355 1117 2419; x_wconf 88' lang='lat' dir='ltr'>tenebat:</span> <span class='ocrx_word' id='word_1_210' title='bbox 1149 2375 1231 2437; x_wconf 89' lang='lat' dir='ltr'>quae</span> 
     </span>
     <span class='ocr_line' id='line_1_26' title="bbox 56 2441 1265 2527; baseline -0.002 -21"><span class='ocrx_word' id='word_1_211' title='bbox 56 2463 140 2527; x_wconf 87' lang='lat' dir='ltr'>gens</span> <span class='ocrx_word' id='word_1_212' title='bbox 171 2443 256 2508; x_wconf 89' lang='lat' dir='ltr'>iacet</span> <span class='ocrx_word' id='word_1_213' title='bbox 293 2465 391 2527; x_wconf 89' lang='lat' dir='ltr'>supra</span> <span class='ocrx_word' id='word_1_214' title='bbox 423 2441 587 2521; x_wconf 79' lang='lat' dir='ltr'>Ciliciam,</span> <span class='ocrx_word' id='word_1_215' title='bbox 620 2444 755 2509; x_wconf 89' lang='lat' dir='ltr'>confinis</span> <span class='ocrx_word' id='word_1_216' title='bbox 789 2441 1024 2527; x_wconf 83' lang='lat' dir='ltr'>Cappadociae.</span> <span class='ocrx_word' id='word_1_217' title='bbox 1082 2441 1265 2526; x_wconf 78' lang='lat' dir='ltr'>Namquea</span> 
     </span>
     <span class='ocr_line' id='line_1_27' title="bbox 57 2531 1230 2616; baseline -0.002 -20"><span class='ocrx_word' id='word_1_218' title='bbox 57 2531 170 2616; x_wconf 86' lang='lat' dir='ltr'>Aspis,</span> <span class='ocrx_word' id='word_1_219' title='bbox 194 2534 372 2597; x_wconf 88' lang='lat' dir='ltr'>saltuosam</span> <span class='ocrx_word' id='word_1_220' title='bbox 390 2533 555 2614; x_wconf 89' lang='lat' dir='ltr'>regionem</span> <span class='ocrx_word' id='word_1_221' title='bbox 579 2532 785 2616; x_wconf 87' lang='lat' dir='ltr'>castellisque</span> <span class='ocrx_word' id='word_1_222' title='bbox 808 2533 967 2596; x_wconf 92' lang='lat' dir='ltr'>munitam</span> <span class='ocrx_word' id='word_1_223' title='bbox 986 2531 1142 2614; x_wconf 91' lang='lat' dir='ltr'>incolens,</span> <span class='ocrx_word' id='word_1_224' title='bbox 1164 2552 1230 2595; x_wconf 90' lang='lat' dir='ltr'>non</span> 
     </span>
     <span class='ocr_line' id='line_1_28' title="bbox 58 2619 1231 2706; baseline 0 -22"><span class='ocrx_word' id='word_1_225' title='bbox 58 2621 169 2686; x_wconf 90' lang='lat' dir='ltr'>solum</span> <span class='ocrx_word' id='word_1_226' title='bbox 187 2621 323 2705; x_wconf 91' lang='lat' dir='ltr'>imperio</span> <span class='ocrx_word' id='word_1_227' title='bbox 342 2623 430 2706; x_wconf 89' lang='lat' dir='ltr'>regis</span> <span class='ocrx_word' id='word_1_228' title='bbox 453 2642 521 2685; x_wconf 92' lang='lat' dir='ltr'>non</span> <span class='ocrx_word' id='word_1_229' title='bbox 539 2621 686 2705; x_wconf 89' lang='lat' dir='ltr'>parebat,</span> <span class='ocrx_word' id='word_1_230' title='bbox 709 2622 765 2686; x_wconf 90' lang='lat' dir='ltr'>sed</span> <span class='ocrx_word' id='word_1_231' title='bbox 784 2621 883 2686; x_wconf 90' lang='lat' dir='ltr'>etiam</span> <span class='ocrx_word' id='word_1_232' title='bbox 902 2621 1060 2686; x_wconf 90' lang='lat' dir='ltr'>finitimas</span> <span class='ocrx_word' id='word_1_233' title='bbox 1081 2619 1231 2704; x_wconf 89' lang='lat' dir='ltr'>regiones</span> 
     </span>
     <span class='ocr_line' id='line_1_29' title="bbox 48 2707 1267 2794; baseline 0.001 -23"><span class='ocrx_word' id='word_1_234' title='bbox 48 2710 200 2775; x_wconf 47' lang='lat' dir='ltr'>›vexabat</span> <span class='ocrx_word' id='word_1_235' title='bbox 223 2713 356 2794; x_wconf 83' lang='lat' dir='ltr'>atquae</span> <span class='ocrx_word' id='word_1_236' title='bbox 379 2711 449 2794; x_wconf 88' lang='lat' dir='ltr'>regi</span> <span class='ocrx_word' id='word_1_237' title='bbox 472 2707 725 2794; x_wconf 80' lang='lat' dir='ltr'>portarentur¹¹)</span> <span class='ocrx_word' id='word_1_238' title='bbox 750 2710 939 2794; x_wconf 89' lang='lat' dir='ltr'>abripiebat.</span> <span class='ocrx_word' id='word_1_239' title='bbox 980 2710 1147 2792; x_wconf 89' lang='lat' dir='ltr'>Datames,</span> <span class='ocrx_word' id='word_1_240' title='bbox 1170 2709 1267 2772; x_wconf 78' lang='lat' dir='ltr'>etsie</span> 
     </span>
     <span class='ocr_line' id='line_1_30' title="bbox 57 2797 1233 2883; baseline -0.001 -21"><span class='ocrx_word' id='word_1_241' title='bbox 57 2797 159 2882; x_wconf 87' lang='lat' dir='ltr'>longe</span> <span class='ocrx_word' id='word_1_242' title='bbox 183 2799 297 2864; x_wconf 87' lang='lat' dir='ltr'>aberat</span> <span class='ocrx_word' id='word_1_243' title='bbox 320 2799 436 2864; x_wconf 88' lang='lat' dir='ltr'>abhis</span> <span class='ocrx_word' id='word_1_244' title='bbox 460 2799 647 2883; x_wconf 87' lang='lat' dir='ltr'>regionibus</span> <span class='ocrx_word' id='word_1_245' title='bbox 671 2802 704 2862; x_wconf 91' lang='lat' dir='ltr'>et</span> <span class='ocrx_word' id='word_1_246' title='bbox 727 2822 746 2863; x_wconf 92' lang='lat' dir='ltr'>a</span> <span class='ocrx_word' id='word_1_247' title='bbox 768 2801 890 2864; x_wconf 89' lang='lat' dir='ltr'>maiore</span> <span class='ocrx_word' id='word_1_248' title='bbox 913 2821 948 2864; x_wconf 96' lang='lat' dir='ltr'>re</span> <span class='ocrx_word' id='word_1_249' title='bbox 973 2799 1233 2881; x_wconf 88' lang='lat' dir='ltr'>abstrahebatur,</span> 
     </span>
     <span class='ocr_line' id='line_1_31' title="bbox 58 2887 1232 2973; baseline 0 -23"><span class='ocrx_word' id='word_1_250' title='bbox 58 2890 172 2952; x_wconf 90' lang='lat' dir='ltr'>tamen</span> <span class='ocrx_word' id='word_1_251' title='bbox 195 2889 282 2973; x_wconf 90' lang='lat' dir='ltr'>regis</span> <span class='ocrx_word' id='word_1_252' title='bbox 305 2887 466 2952; x_wconf 89' lang='lat' dir='ltr'>voluntati</span> <span class='ocrx_word' id='word_1_253' title='bbox 490 2909 614 2953; x_wconf 91' lang='lat' dir='ltr'>morem</span> <span class='ocrx_word' id='word_1_254' title='bbox 639 2888 814 2970; x_wconf 90' lang='lat' dir='ltr'>gerendum</span> <span class='ocrx_word' id='word_1_255' title='bbox 839 2889 994 2973; x_wconf 79' lang='lat' dir='ltr'>putavit..</span> <span class='ocrx_word' id='word_1_256' title='bbox 1021 2888 1135 2972; x_wconf 91' lang='lat' dir='ltr'>Itaque</span> <span class='ocrx_word' id='word_1_257' title='bbox 1160 2908 1232 2952; x_wconf 91' lang='lat' dir='ltr'>cum</span> 
     </span>
     <span class='ocr_line' id='line_1_32' title="bbox 58 2975 1232 3061; baseline -0.001 -21"><span class='ocrx_word' id='word_1_258' title='bbox 58 2977 182 3061; x_wconf 88' lang='lat' dir='ltr'>paucis,</span> <span class='ocrx_word' id='word_1_259' title='bbox 201 2977 256 3042; x_wconf 89' lang='lat' dir='ltr'>sed</span> <span class='ocrx_word' id='word_1_260' title='bbox 275 2976 354 3041; x_wconf 88' lang='lat' dir='ltr'>viris</span> <span class='ocrx_word' id='word_1_261' title='bbox 368 2977 509 3041; x_wconf 89' lang='lat' dir='ltr'>fortibus</span> <span class='ocrx_word' id='word_1_262' title='bbox 528 2997 645 3042; x_wconf 87' lang='lat' dir='ltr'>navem</span> <span class='ocrx_word' id='word_1_263' title='bbox 664 2977 858 3060; x_wconf 88' lang='lat' dir='ltr'>conscendit,</span> <span class='ocrx_word' id='word_1_264' title='bbox 877 2977 1075 3055; x_wconf 88' lang='lat' dir='ltr'>existimans,</span> <span class='ocrx_word' id='word_1_265' title='bbox 1094 2977 1128 3041; x_wconf 93' lang='lat' dir='ltr'>id</span> <span class='ocrx_word' id='word_1_266' title='bbox 1147 2975 1232 3061; x_wconf 90' lang='lat' dir='ltr'>quod</span> 
     </span>
     <span class='ocr_line' id='line_1_33' title="bbox 59 3065 1232 3151; baseline -0.001 -22"><span class='ocrx_word' id='word_1_267' title='bbox 59 3065 185 3149; x_wconf 90' lang='lat' dir='ltr'>accidit,</span> <span class='ocrx_word' id='word_1_268' title='bbox 203 3065 330 3130; x_wconf 86' lang='lat' dir='ltr'>facilius</span> <span class='ocrx_word' id='word_1_269' title='bbox 345 3087 379 3129; x_wconf 92' lang='lat' dir='ltr'>se</span> <span class='ocrx_word' id='word_1_270' title='bbox 398 3065 637 3149; x_wconf 86' lang='lat' dir='ltr'>imprudentem</span> <span class='ocrx_word' id='word_1_271' title='bbox 651 3088 753 3150; x_wconf 81' lang='lat' dir='ltr'>parva</span> <span class='ocrx_word' id='word_1_272' title='bbox 772 3089 869 3131; x_wconf 89' lang='lat' dir='ltr'>manu</span> <span class='ocrx_word' id='word_1_273' title='bbox 889 3088 1120 3151; x_wconf 88' lang='lat' dir='ltr'>oppressurum</span> <span class='ocrx_word' id='word_1_274' title='bbox 1134 3087 1232 3148; x_wconf 89' lang='lat' dir='ltr'>quam</span> 
     </span>
     <span class='ocr_line' id='line_1_34' title="bbox 57 3152 1267 3240; baseline -0.001 -22"><span class='ocrx_word' id='word_1_275' title='bbox 57 3158 212 3237; x_wconf 87' lang='lat' dir='ltr'>paratum</span> <span class='ocrx_word' id='word_1_276' title='bbox 240 3154 389 3240; x_wconf 77' lang='lat' dir='ltr'>quamvis</span> <span class='ocrx_word' id='word_1_277' title='bbox 418 3176 537 3240; x_wconf 87' lang='lat' dir='ltr'>magno</span> <span class='ocrx_word' id='word_1_278' title='bbox 566 3155 717 3219; x_wconf 83' lang='lat' dir='ltr'>exercitu.</span> <span class='ocrx_word' id='word_1_279' title='bbox 763 3153 899 3219; x_wconf 87' lang='lat' dir='ltr'>Delatus</span> <span class='ocrx_word' id='word_1_280' title='bbox 928 3157 963 3220; x_wconf 94' lang='lat' dir='ltr'>in</span> <span class='ocrx_word' id='word_1_281' title='bbox 987 3152 1134 3219; x_wconf 84' lang='lat' dir='ltr'>Ciliciam</span> <span class='ocrx_word' id='word_1_282' title='bbox 1158 3170 1267 3217; x_wconf 73' lang='lat' dir='ltr'>cume</span> 
     </span>
     <span class='ocr_line' id='line_1_35' title="bbox 59 3241 1232 3328; baseline -0.001 -23"><span class='ocrx_word' id='word_1_283' title='bbox 59 3262 210 3328; x_wconf 87' lang='lat' dir='ltr'>egressus</span> <span class='ocrx_word' id='word_1_284' title='bbox 244 3247 341 3325; x_wconf 89' lang='lat' dir='ltr'>esset,</span> <span class='ocrx_word' id='word_1_285' title='bbox 374 3243 442 3307; x_wconf 86' lang='lat' dir='ltr'>dics</span> <span class='ocrx_word' id='word_1_286' title='bbox 474 3248 648 3326; x_wconf 89' lang='lat' dir='ltr'>noctesque</span> <span class='ocrx_word' id='word_1_287' title='bbox 680 3243 744 3306; x_wconf 92' lang='lat' dir='ltr'>iter</span> <span class='ocrx_word' id='word_1_288' title='bbox 775 3243 895 3308; x_wconf 89' lang='lat' dir='ltr'>faciens</span> <span class='ocrx_word' id='word_1_289' title='bbox 926 3243 1068 3308; x_wconf 83' lang='lat' dir='ltr'>Taurum</span> <span class='ocrx_word' id='word_1_290' title='bbox 1100 3241 1232 3306; x_wconf 88' lang='lat' dir='ltr'>transiit</span> 
     </span>
     <span class='ocr_line' id='line_1_36' title="bbox 60 3330 1275 3416; baseline 0.001 -21"><span class='ocrx_word' id='word_1_291' title='bbox 60 3352 177 3416; x_wconf 88' lang='lat' dir='ltr'>eoque,</span> <span class='ocrx_word' id='word_1_292' title='bbox 205 3354 268 3416; x_wconf 91' lang='lat' dir='ltr'>qno</span> <span class='ocrx_word' id='word_1_293' title='bbox 293 3331 474 3413; x_wconf 86' lang='lat' dir='ltr'>studuerat,</span> <span class='ocrx_word' id='word_1_294' title='bbox 498 3332 594 3395; x_wconf 83' lang='lat' dir='ltr'>venit.</span> <span class='ocrx_word' id='word_1_295' title='bbox 640 3330 784 3413; x_wconf 80' lang='lat' dir='ltr'>Quaerit,</span> <span class='ocrx_word' id='word_1_296' title='bbox 809 3332 925 3415; x_wconf 79' lang='lat' dir='ltr'>quIbus</span> <span class='ocrx_word' id='word_1_297' title='bbox 948 3332 1027 3396; x_wconf 90' lang='lat' dir='ltr'>locis</span> <span class='ocrx_word' id='word_1_298' title='bbox 1051 3331 1095 3395; x_wconf 91' lang='lat' dir='ltr'>sit</span> <span class='ocrx_word' id='word_1_299' title='bbox 1118 3330 1231 3414; x_wconf 83' lang='lat' dir='ltr'>Aspis:</span> <span class='ocrx_word' id='word_1_300' title='bbox 1270 3387 1275 3396; x_wconf 91' lang='lat'><strong>.</strong></span> 
     </span>
     <span class='ocr_line' id='line_1_37' title="bbox 60 3420 1231 3505; baseline 0.003 -22"><span class='ocrx_word' id='word_1_301' title='bbox 60 3421 231 3505; x_wconf 87' lang='lat' dir='ltr'>cognoscit</span> <span class='ocrx_word' id='word_1_302' title='bbox 266 3421 353 3486; x_wconf 90' lang='lat' dir='ltr'>haud</span> <span class='ocrx_word' id='word_1_303' title='bbox 390 3421 490 3505; x_wconf 89' lang='lat' dir='ltr'>longe</span> <span class='ocrx_word' id='word_1_304' title='bbox 530 3420 643 3484; x_wconf 89' lang='lat' dir='ltr'>abesse</span> <span class='ocrx_word' id='word_1_305' title='bbox 680 3420 924 3504; x_wconf 85' lang='lat' dir='ltr'>profectumque</span> <span class='ocrx_word' id='word_1_306' title='bbox 961 3442 1034 3484; x_wconf 91' lang='lat' dir='ltr'>eum</span> <span class='ocrx_word' id='word_1_307' title='bbox 1070 3423 1231 3486; x_wconf 84' lang='lat' dir='ltr'>venatum.</span> 
     </span>
     <span class='ocr_line' id='line_1_38' title="bbox 58 3506 1231 3595; baseline -0.001 -22"><span class='ocrx_word' id='word_1_308' title='bbox 58 3506 147 3584; x_wconf 82' lang='lat' dir='ltr'>Quae</span> <span class='ocrx_word' id='word_1_309' title='bbox 171 3509 245 3574; x_wconf 91' lang='lat' dir='ltr'>dum</span> <span class='ocrx_word' id='word_1_310' title='bbox 267 3510 461 3595; x_wconf 88' lang='lat' dir='ltr'>speculatur,</span> <span class='ocrx_word' id='word_1_311' title='bbox 486 3508 642 3573; x_wconf 88' lang='lat' dir='ltr'>adventus</span> <span class='ocrx_word' id='word_1_312' title='bbox 667 3510 735 3572; x_wconf 91' lang='lat' dir='ltr'>eius</span> <span class='ocrx_word' id='word_1_313' title='bbox 755 3530 852 3573; x_wconf 90' lang='lat' dir='ltr'>causa</span> <span class='ocrx_word' id='word_1_314' title='bbox 876 3509 1090 3594; x_wconf 89' lang='lat' dir='ltr'>cognoscitur.</span> <span class='ocrx_word' id='word_1_315' title='bbox 1133 3508 1231 3592; x_wconf 82' lang='lat' dir='ltr'>Aspis</span> 
     </span>
     <span class='ocr_line' id='line_1_39' title="bbox 60 3597 1231 3684; baseline -0.001 -23"><span class='ocrx_word' id='word_1_316' title='bbox 60 3618 133 3662; x_wconf 92' lang='lat' dir='ltr'>cum</span> <span class='ocrx_word' id='word_1_317' title='bbox 155 3598 206 3684; x_wconf 90' lang='lat' dir='ltr'>iis,</span> <span class='ocrx_word' id='word_1_318' title='bbox 229 3621 308 3682; x_wconf 89' lang='lat' dir='ltr'>quos</span> <span class='ocrx_word' id='word_1_319' title='bbox 333 3620 441 3664; x_wconf 89' lang='lat' dir='ltr'>secum</span> <span class='ocrx_word' id='word_1_320' title='bbox 460 3598 615 3682; x_wconf 88' lang='lat' dir='ltr'>habebat,</span> <span class='ocrx_word' id='word_1_321' title='bbox 635 3598 674 3662; x_wconf 89' lang='lat' dir='ltr'>ad</span> <span class='ocrx_word' id='word_1_322' title='bbox 693 3597 907 3662; x_wconf 89' lang='lat' dir='ltr'>resistendum</span> <span class='ocrx_word' id='word_1_323' title='bbox 926 3600 1035 3663; x_wconf 89' lang='lat' dir='ltr'>omnia</span> <span class='ocrx_word' id='word_1_324' title='bbox 1053 3600 1231 3681; x_wconf 90' lang='lat' dir='ltr'>comparat.</span> 
     </span>
    </p>
   </div>
   <div class='ocr_carea' id='block_1_3' title="bbox 58 3753 1232 4394">
    <p class='ocr_par' dir='ltr' id='par_1_5' title="bbox 58 3753 1232 4394">
     <span class='ocr_line' id='line_1_40' title="bbox 93 3753 1230 3824; baseline -0.001 -16"><span class='ocrx_word' id='word_1_325' title='bbox 93 3753 169 3824; x_wconf 72' lang='lat' dir='ltr'>⁹)ln</span> <span class='ocrx_word' id='word_1_326' title='bbox 196 3754 288 3810; x_wconf 88' lang='lat' dir='ltr'>dieser</span> <span class='ocrx_word' id='word_1_327' title='bbox 314 3754 481 3824; x_wconf 86' lang='lat' dir='ltr'>Bedeutung</span> <span class='ocrx_word' id='word_1_328' title='bbox 508 3755 618 3810; x_wconf 83' lang='lat' dir='ltr'>kommt</span> <span class='ocrx_word' id='word_1_329' title='bbox 672 3753 746 3808; x_wconf 89' lang='lat' dir='ltr'>beim</span> <span class='ocrx_word' id='word_1_330' title='bbox 781 3755 942 3824; x_wconf 89' lang='lat' dir='ltr'>persisohen</span> <span class='ocrx_word' id='word_1_331' title='bbox 976 3755 1065 3810; x_wconf 88' lang='lat' dir='ltr'>Heere</span> <span class='ocrx_word' id='word_1_332' title='bbox 1102 3769 1230 3824; x_wconf 84' lang='lat' dir='ltr'>gewesen</span> 
     </span>
     <span class='ocr_line' id='line_1_41' title="bbox 59 3824 1232 3896; baseline -0.004 -15"><span class='ocrx_word' id='word_1_333' title='bbox 59 3826 137 3881; x_wconf 84' lang='lat' dir='ltr'>sonet</span> <span class='ocrx_word' id='word_1_334' title='bbox 151 3827 320 3896; x_wconf 83' lang='lat' dir='ltr'>wenigstens</span> <span class='ocrx_word' id='word_1_335' title='bbox 335 3827 385 3880; x_wconf 88' lang='lat' dir='ltr'>das</span> <span class='ocrx_word' id='word_1_336' title='bbox 399 3825 545 3880; x_wconf 80' lang='lat' dir='ltr'>Passivum</span> <span class='ocrx_word' id='word_1_337' title='bbox 559 3843 617 3894; x_wconf 83' lang='lat' dir='ltr'>vor,</span> <span class='ocrx_word' id='word_1_338' title='bbox 670 3830 758 3894; x_wconf 71' lang='lat' dir='ltr'>utre,</span> <span class='ocrx_word' id='word_1_339' title='bbox 786 3827 866 3881; x_wconf 70' lang='lat' dir='ltr'>hatte</span> <span class='ocrx_word' id='word_1_340' title='bbox 892 3825 1024 3880; x_wconf 87' lang='lat' dir='ltr'>Datames</span> <span class='ocrx_word' id='word_1_341' title='bbox 1052 3824 1099 3880; x_wconf 92' lang='lat' dir='ltr'>bei</span> <span class='ocrx_word' id='word_1_342' title='bbox 1127 3824 1232 3879; x_wconf 89' lang='lat' dir='ltr'>seinem</span> 
     </span>
     <span class='ocr_line' id='line_1_42' title="bbox 58 3894 1232 3967; baseline -0.004 -15"><span class='ocrx_word' id='word_1_343' title='bbox 58 3894 101 3952; x_wconf 89' lang='lat' dir='ltr'>bei</span> <span class='ocrx_word' id='word_1_344' title='bbox 120 3895 217 3966; x_wconf 86' lang='lat' dir='ltr'>Nepos</span> <span class='ocrx_word' id='word_1_345' title='bbox 235 3897 320 3952; x_wconf 84' lang='lat' dir='ltr'>Attic.</span> <span class='ocrx_word' id='word_1_346' title='bbox 339 3897 414 3964; x_wconf 89' lang='lat' dir='ltr'>XIII,</span> <span class='ocrx_word' id='word_1_347' title='bbox 432 3903 457 3952; x_wconf 79' lang='lat'>5.</span> <span class='ocrx_word' id='word_1_348' title='bbox 671 3898 808 3967; x_wconf 84' lang='lat' dir='ltr'>Abgange</span> <span class='ocrx_word' id='word_1_349' title='bbox 821 3898 901 3952; x_wconf 87' lang='lat' dir='ltr'>nicht</span> <span class='ocrx_word' id='word_1_350' title='bbox 914 3897 978 3951; x_wconf 85' lang='lat' dir='ltr'>dem</span> <span class='ocrx_word' id='word_1_351' title='bbox 988 3895 1163 3951; x_wconf 84' lang='lat' dir='ltr'>Mandrocles</span> <span class='ocrx_word' id='word_1_352' title='bbox 1177 3895 1232 3949; x_wconf 92' lang='lat' dir='ltr'>den</span> 
     </span>
     <span class='ocr_line' id='line_1_43' title="bbox 94 3967 1034 4038; baseline -0.001 -16"><span class='ocrx_word' id='word_1_353' title='bbox 94 3967 129 4038; x_wconf 86' lang='lat'>¹⁰)</span> <span class='ocrx_word' id='word_1_354' title='bbox 147 3968 186 4022; x_wconf 84' lang='lat' dir='ltr'>Es</span> <span class='ocrx_word' id='word_1_355' title='bbox 213 3968 251 4022; x_wconf 90' lang='lat' dir='ltr'>ist</span> <span class='ocrx_word' id='word_1_356' title='bbox 275 3969 326 4022; x_wconf 90' lang='lat' dir='ltr'>das</span> <span class='ocrx_word' id='word_1_357' title='bbox 352 3967 398 4022; x_wconf 89' lang='lat' dir='ltr'>dia</span> <span class='ocrx_word' id='word_1_358' title='bbox 421 3967 523 4038; x_wconf 89' lang='lat' dir='ltr'>Iphicr.</span> <span class='ocrx_word' id='word_1_359' title='bbox 543 3967 581 4036; x_wconf 87' lang='lat' dir='ltr'>II,</span> <span class='ocrx_word' id='word_1_360' title='bbox 600 3975 618 4022; x_wconf 87' lang='lat'>4</span> <span class='ocrx_word' id='word_1_361' title='bbox 673 3968 839 4023; x_wconf 88' lang='lat' dir='ltr'>Oberbefehl</span> <span class='ocrx_word' id='word_1_362' title='bbox 856 3968 1034 4037; x_wconf 80' lang='lat' dir='ltr'>dbartragen.</span> 
     </span>
     <span class='ocr_line' id='line_1_44' title="bbox 61 4038 618 4108; baseline 0.002 -17"><span class='ocrx_word' id='word_1_363' title='bbox 61 4039 202 4093; x_wconf 74' lang='lat' dir='ltr'>erwahnte</span> <span class='ocrx_word' id='word_1_364' title='bbox 224 4040 355 4107; x_wconf 76' lang='lat' dir='ltr'>Rfistung</span> <span class='ocrx_word' id='word_1_365' title='bbox 376 4040 464 4108; x_wconf 85' lang='lat' dir='ltr'>(siche</span> <span class='ocrx_word' id='word_1_366' title='bbox 488 4041 552 4095; x_wconf 91' lang='lat' dir='ltr'>dort</span> <span class='ocrx_word' id='word_1_367' title='bbox 573 4038 618 4093; x_wconf 90' lang='lat' dir='ltr'>die</span> 
     </span>
     <span class='ocr_line' id='line_1_45' title="bbox 61 4105 1231 4234; baseline -0.004 -70"><span class='ocrx_word' id='word_1_368' title='bbox 61 4105 159 4179; x_wconf 75' lang='lat' dir='ltr'>hum).</span> <span class='ocrx_word' id='word_1_369' title='bbox 179 4110 248 4165; x_wconf 88' lang='lat' dir='ltr'>Was</span> <span class='ocrx_word' id='word_1_370' title='bbox 263 4109 323 4164; x_wconf 89' lang='lat' dir='ltr'>hier</span> <span class='ocrx_word' id='word_1_371' title='bbox 331 4109 426 4179; x_wconf 84' lang='lat' dir='ltr'>Nepos</span> <span class='ocrx_word' id='word_1_372' title='bbox 440 4110 471 4164; x_wconf 90' lang='lat' dir='ltr'>in</span> <span class='ocrx_word' id='word_1_373' title='bbox 483 4110 618 4165; x_wconf 74' lang='lat' dir='ltr'>salechem</span> <span class='ocrx_word' id='word_1_374' title='bbox 711 4109 743 4234; x_wconf 54' lang='lat'>¹?</span> <span class='ocrx_word' id='word_1_375' title='bbox 763 4109 819 4164; x_wconf 92' lang='lat' dir='ltr'>Der</span> <span class='ocrx_word' id='word_1_376' title='bbox 832 4109 914 4181; x_wconf 84' lang='lat' dir='ltr'>Konj.</span> <span class='ocrx_word' id='word_1_377' title='bbox 933 4107 1102 4188; x_wconf 81' lang='lat' dir='ltr'>bezeichnet</span> <span class='ocrx_word' id='word_1_378' title='bbox 1113 4106 1167 4188; x_wconf 79' lang='lat' dir='ltr'>den</span> <span class='ocrx_word' id='word_1_379' title='bbox 1179 4105 1231 4160; x_wconf 89' lang='lat' dir='ltr'>Be-</span> 
     </span>
     <span class='ocr_line' id='line_1_46' title="bbox 62 4176 1231 4251; baseline -0.002 -18"><span class='ocrx_word' id='word_1_380' title='bbox 62 4177 315 4251; x_wconf 85' lang='lat' dir='ltr'>Zusammenhange</span> <span class='ocrx_word' id='word_1_381' title='bbox 329 4180 445 4248; x_wconf 69' lang='lat' dir='ltr'>erzbhlt,</span> <span class='ocrx_word' id='word_1_382' title='bbox 459 4181 532 4236; x_wconf 87' lang='lat' dir='ltr'>muls</span> <span class='ocrx_word' id='word_1_383' title='bbox 545 4179 619 4236; x_wconf 90' lang='lat' dir='ltr'>nach</span> <span class='ocrx_word' id='word_1_384' title='bbox 707 4180 713 4192; x_wconf 90' lang='grc'><strong>’</strong></span> <span class='ocrx_word' id='word_1_385' title='bbox 749 4179 779 4235; x_wconf 93' lang='lat' dir='ltr'>in</span> <span class='ocrx_word' id='word_1_386' title='bbox 794 4180 885 4236; x_wconf 90' lang='lat' dir='ltr'>seiner</span> <span class='ocrx_word' id='word_1_387' title='bbox 898 4178 1126 4250; x_wconf 82' lang='lat' dir='ltr'>Allgemeinheit‚</span> <span class='ocrx_word' id='word_1_388' title='bbox 1140 4176 1231 4232; x_wconf 83' lang='lat' dir='ltr'>mahts</span> 
     </span>
     <span class='ocr_line' id='line_1_47' title="bbox 62 4247 1232 4323; baseline -0.001 -20"><span class='ocrx_word' id='word_1_389' title='bbox 62 4247 93 4318; x_wconf 82' lang='lat' dir='ltr'>V,</span> <span class='ocrx_word' id='word_1_390' title='bbox 111 4259 127 4308; x_wconf 83' lang='grc'>6</span> <span class='ocrx_word' id='word_1_391' title='bbox 145 4254 220 4307; x_wconf 92' lang='lat' dir='ltr'>noch</span> <span class='ocrx_word' id='word_1_392' title='bbox 237 4251 277 4306; x_wconf 92' lang='lat' dir='ltr'>im</span> <span class='ocrx_word' id='word_1_393' title='bbox 290 4252 376 4308; x_wconf 86' lang='lat' dir='ltr'>Jahre</span> <span class='ocrx_word' id='word_1_394' title='bbox 391 4258 443 4307; x_wconf 82' lang='grc'>378</span> <span class='ocrx_word' id='word_1_395' title='bbox 459 4253 618 4321; x_wconf 84' lang='lat' dir='ltr'>geschehen</span> <span class='ocrx_word' id='word_1_396' title='bbox 697 4252 865 4323; x_wconf 86' lang='lat' dir='ltr'>estimmtes,</span> <span class='ocrx_word' id='word_1_397' title='bbox 890 4251 1042 4306; x_wconf 84' lang='lat' dir='ltr'>Einzelnes.</span> <span class='ocrx_word' id='word_1_398' title='bbox 1089 4252 1169 4304; x_wconf 85' lang='lat' dir='ltr'>Anm.</span> <span class='ocrx_word' id='word_1_399' title='bbox 1198 4267 1232 4303; x_wconf 83' lang='lat' dir='ltr'>nu</span> 
     </span>
     <span class='ocr_line' id='line_1_48' title="bbox 64 4321 849 4394; baseline 0.006 -21"><span class='ocrx_word' id='word_1_400' title='bbox 64 4322 126 4378; x_wconf 77' lang='lat' dir='ltr'>rein.</span> <span class='ocrx_word' id='word_1_401' title='bbox 159 4323 242 4378; x_wconf 91' lang='lat' dir='ltr'>Denn</span> <span class='ocrx_word' id='word_1_402' title='bbox 258 4342 340 4380; x_wconf 82' lang='lat' dir='ltr'>wenn</span> <span class='ocrx_word' id='word_1_403' title='bbox 358 4323 512 4394; x_wconf 86' lang='lat' dir='ltr'>IphIcrates</span> <span class='ocrx_word' id='word_1_404' title='bbox 532 4324 617 4378; x_wconf 86' lang='lat' dir='ltr'>echon</span> <span class='ocrx_word' id='word_1_405' title='bbox 671 4322 760 4377; x_wconf 87' lang='lat' dir='ltr'>Alcib.</span> <span class='ocrx_word' id='word_1_406' title='bbox 780 4321 805 4392; x_wconf 94' lang='lat' dir='ltr'>I,</span> <span class='ocrx_word' id='word_1_407' title='bbox 824 4330 849 4378; x_wconf 82' lang='lat'>3.</span> 
     </span>
    </p>
   </div>
   <div class='ocr_carea' id='block_1_4' title="bbox 0 0 1413 4786">
    <p class='ocr_par' dir='ltr' id='par_1_6' title="bbox 0 0 1413 4786">
     <span class='ocr_line' id='line_1_49' title="bbox 0 0 1413 4786; baseline 0 0"><span class='ocrx_word' id='word_1_408' title='bbox 0 0 1413 4786; x_wconf 95' lang='lat' dir='ltr'> </span> 
     </span>
    </p>
   </div>
  </div>
 </body>
</html>
