2812 4786
167 183 209 248 66
574 180 675 236 xvm.
702 178 885 234 nonnum.
910 186 935 237 e.

135 345 374 431 afrangebant,
392 348 504 410 tamen
523 344 723 409 minuebant.
764 342 879 426 ltaque
896 364 969 407 eum
987 364 1185 429 persequens
1206 344 1248 423 [a.
1262 343 1338 424 320]

169 434 239 500 Ant
225 430 415 520 tigonus¹⁰),
444 454 516 498 cum
540 434 628 497 omni
650 453 766 518 genere
789 432 958 515 copiarum
977 432 1164 515 abundaret,
1188 452 1287 515 saepe
1308 432 1340 496 in

169 524 342 588 itineribus
362 521 548 605 vexabatur,
570 542 674 607 neque
698 541 852 604 umquam
876 520 916 584 ad
939 542 1070 585 manum
1094 519 1247 585 accedere
1269 519 1340 585 lice·

135 613 230 677 ebat
252 612 315 676 nisi
339 610 379 675 iis
402 611 497 691 locis,
521 572 638 695 qhibus
662 608 755 693 pauci
780 609 891 672 multis
915 611 1050 695 possent
1072 610 1234 673 resistere.
1282 607 1342 673 Sed

170 704 314 765 extremo
329 703 475 783 tempore
485 699 660 783 Eumenes,
674 718 745 762 cum
761 697 897 762 consilio
913 698 983 781 capi
997 718 1063 762 non
1074 700 1193 781 posset,
1209 698 1252 777 [a.
1263 697 1340 778 319]

170 786 379 854 multitudine
402 788 639 853 circumventus
663 791 721 850 est.
759 785 844 850 Hinc
861 788 972 850 tamen
990 786 1102 850 multis
1125 785 1192 850 suis
1211 785 1342 850 amissis

169 898 204 942 se
228 876 392 960 expedivit
414 881 447 941 et
469 877 503 941 in
526 876 696 942 castellum
720 869 954 958 Cappadociae,
977 874 1061 958 quod
1085 871 1176 938 Nora
1199 875 1343 959 appella·

132 973 235 1050 4tur,
264 965 420 1050 confugit.
464 964 505 1030 In
536 987 598 1050 quo
633 986 706 1029 cum
740 963 971 1028 circumsessus
998 966 1173 1046 vereretur,
1204 983 1248 1027 ne
1280 984 1343 1028 uno

168 1054 240 1119 loco
263 1075 399 1118 manens
419 1075 518 1138 equos
541 1054 699 1118 militares
717 1052 880 1152 perderet,
899 1051 984 1135 quod
1007 1053 1150 1134 spatium
1173 1071 1241 1115 non
1261 1055 1345 1115 esset

170 1142 330 1228 agitandi,
362 1142 516 1207 callidum
543 1141 606 1206 fuit
591 1143 703 1206 teius
732 1140 916 1222 inventum,
948 1139 1219 1241 quemadmodum
1254 1142 1345 1204 stans

169 1231 351 1297 iumentum
374 1230 577 1295 concalefieri
600 1226 805 1313 exercerique
828 1231 955 1314 posset,
982 1232 1019 1293 ut
1041 1250 1061 1292 a
1084 1228 1231 1311 corporis
1256 1232 1346 1293 motu

133 1334 235 1384 cnon
267 1322 428 1383 remotum
463 1320 560 1382 etiam
591 1318 663 1383 cibo
695 1317 852 1382 libentius
885 1320 1037 1381 uteretur.
1093 1315 1348 1401 Substringcbat

169 1412 268 1491 caput
290 1409 362 1472 loro
394 1405 507 1486 altius,
540 1429 637 1492 quam
668 1408 706 1470 ut
735 1406 898 1491 prioribus
929 1405 1065 1489 pedibus
1094 1405 1191 1487 plane
1223 1407 1347 1469 terram

169 1499 282 1579 posset
311 1495 486 1581 attingere,
516 1495 628 1559 deinde
656 1492 776 1579 postu)
803 1494 991 1559 verberibus
1019 1494 1156 1579 cogebat
1184 1494 1348 1558 exsultare

169 1587 202 1648 et
225 1584 329 1649 caloes
351 1585 529 1648 remittere:
552 1585 608 1668 qui
627 1586 736 1648 motus
760 1604 826 1647 non
848 1583 955 1647 minus
980 1582 1130 1647 sudorem
1154 1582 1348 1666 excutiebat,

134 1687 266 1758 uquam
286 1674 315 1738 si
333 1673 368 1737 in
388 1672 495 1756 spatio
515 1673 747 1737 decurreretur.
785 1668 856 1746 Quo
875 1671 997 1736 factum
1016 1670 1174 1755 estquod
1194 1670 1348 1735 omnibus

169 1761 318 1826 mirabile
347 1765 398 1825 est
427 1762 548 1845 visum,
575 1765 625 1842 ut,
656 1782 729 1825 cum
753 1760 935 1843 complures
959 1780 1087 1825 menses
1115 1759 1149 1822 in
1177 1758 1349 1823 obsidione

168 1849 297 1934 fuisset,
328 1870 429 1934 aeque
456 1851 602 1914 iumenta
630 1849 735 1913 nitida
764 1870 802 1912 ex
830 1847 964 1913 castello
994 1848 1155 1932 educeret,
1188 1868 1226 1912 ac
1257 1847 1286 1912 si
1313 1846 1350 1911 in

134 1938 405 2021 reampestribus
430 1959 468 2001 aa
486 1936 568 2002 locis
593 1938 771 2002 habuisset
807 1935 870 2001 Sed
892 1936 927 2000 in
950 1937 1007 2001 illa
1030 1937 1247 2019 conclusione,
1272 1956 1350 2020 quo·

169 2026 390 2110 tienscumque
419 2026 537 2109 voluit,
570 2029 763 2110 apparatum
790 2028 824 2088 et
853 2023 1048 2090 munitiones
1076 2023 1239 2108 Antigoni
1267 2024 1351 2089 alias

169 2113 321 2196 incendit,
348 2113 428 2178 alias
452 2113 587 2178 disiecit.
635 2113 754 2178 Tenuit
785 2117 893 2178 autem
916 2134 1038 2178 senno
1062 2114 1133 2178 loco
1158 2133 1216 2195 per
1239 2116 1352 2178 totum

169 2223 290 2266 annum
314 2206 347 2266 et
371 2224 467 2286 quam
491 2201 545 2266 diu
567 2200 673 2265 hiems
697 2202 774 2280 fuit,
746 2201 890 2286 tquod
912 2205 1020 2266 castra
1044 2202 1103 2266 sub
1127 2201 1202 2266 divo
1225 2199 1352 2265 habere

168 2312 235 2356 non
271 2293 410 2375 poterat
467 2288 533 2355 Ubi
570 2312 627 2355 ver
669 2290 966 2375 appropinquabat,
1008 2290 1161 2354 simulata
1199 2290 1241 2369 [a.
1266 2290 1350 2371 318]

169 2378 346 2462 deditione,
379 2379 455 2444 dum
483 2378 521 2443 de
554 2378 797 2444 condicionibus
826 2381 960 2480 tractat,
986 2377 1161 2463 praefectis
1185 2378 1353 2464 Antigoni

169 2468 325 2551 imposuit
349 2489 445 2553 seque
469 2488 507 2531 ac
530 2488 606 2532 suos
630 2488 744 2533 omnes
769 2488 807 2532 ex
809 2467 911 2532 traxit
934 2467 1113 2532 incolumes
1122 2463 1171 2554 Β.)

136 2575 147 2619 ι
259 2555 316 2620 VI.
339 2553 582 2658 Olympiadi¹³),
612 2561 679 2621 mat
682 2579 717 2621 er
742 2577 824 2640 quae
848 2556 955 2621 iuerat
979 2555 1168 2640 Alexandri,
1197 2577 1275 2619 cum
1298 2555 1353 2620 lit

170 2648 257 2708 teras
285 2649 319 2708 et
345 2645 477 2710 nuntios
505 2644 649 2709 misisset
676 2647 710 2709 in
735 2645 850 2709 Asiam
879 2645 999 2731 repetit
1000 2665 1095 2708 umne
1121 2641 1353 2709 Macedoniam

169 2733 293 2797 veniret
315 2727 404 2818 (nam
428 2735 499 2797 tum
521 2733 556 2796 in
579 2733 682 2817 Epiro
706 2729 895 2820 habitabat)
920 2737 953 2796 et
974 2754 1082 2797 rerum
1105 2731 1151 2795 ibi
1175 2731 1354 2816 potiretur,

133 2819 225 2886 cille
262 2820 401 2903 primum
439 2821 557 2902 suasit,
592 2842 632 2885 ne
670 2843 704 2885 se
742 2824 888 2885 moveret
921 2824 954 2885 et
986 2824 1202 2906 exspectaret,
1239 2821 1352 2904 quoad

171 2907 348 2972 Alexandri
380 2907 466 2972 filius
500 2929 636 2992 regnum
670 2908 915 2992 adipisceretur:
947 2909 998 2973 sin
1031 2909 1140 2992 aliqua
1170 2908 1352 2992 cupiditate

171 3000 339 3080 raperetur
365 2996 401 3060 in
428 2995 667 3082 Macedoniam,
698 2998 842 3062 omnium
874 2997 1066 3062 iniuriarum
1099 2996 1204 3063 oblita
1229 2997 1268 3061 in
1295 3019 1350 3063 ne

134 3087 290 3154 ominem
316 3085 480 3150 acerbiore
509 3088 654 3149 uteretur
681 3086 826 3169 imperio.
872 3085 999 3150 Horum
1028 3089 1179 3150 neutrum
1203 3086 1246 3165 [a.
1266 3086 1349 3168 317]

169 3175 229 3239 illa
250 3174 340 3239 fecit:
363 3197 441 3239 nam
464 3173 553 3237 etin
576 3172 802 3238 Macedoniam
825 3173 972 3258 profecta
995 3178 1045 3238 est
1069 3179 1101 3239 et
1123 3173 1350 3238 crudelissime

169 3264 216 3328 ibi
239 3285 273 3328 se
297 3264 408 3349 gessit.
453 3261 632 3327 Petiitt
576 3267 632 3327 aut
634 3285 685 3327 em
710 3263 752 3327 ab
779 3261 924 3327 Eumene
948 3262 1092 3347 absente,
1114 3282 1156 3325 ne
1178 3264 1349 3344 pateretur

208 3417 231 3450 ¹⁰
231 3418 359 3486 >Dicaea
377 3419 456 3474 hatte
475 3419 530 3473 den
542 3417 625 3473 Auftr
681 3419 729 3473 be·
785 3417 861 3473 wohl
875 3417 985 3483 wulste,
1001 3417 1063 3472 dass
1076 3416 1235 3487 Antigonus
1251 3418 1348 3472 diesen

169 3421 310 3556 kom)men,
329 3489 374 3542 die
387 3489 558 3544 Reichsacht
575 3506 612 3543 an
626 3434 730 3543 ligume·
784 3487 838 3542 Eid
861 3488 907 3543 fiir
929 3489 1010 3543 nicht
1035 3489 1185 3559 genfigend
1214 3491 1348 3544 erachten

170 3575 219 3612 nes
243 3577 276 3612 au
294 3530 482 3615 iollstreclren
507 3561 564 3614 und
587 3561 646 3614 ihm
672 3560 730 3614 und
784 3560 888 3614 wurde.

171 3629 265 3683 eeinen
288 3627 459 3699 Anhangern
483 3629 669 3686 Vorderasien
697 3649 730 3685 au
823 3629 855 3698 18)
873 3629 1044 3685 Inzwischen
1057 3629 1137 3684 hatte
1151 3628 1278 3684 namlich
1292 3631 1347 3684 An·

170 3698 330 3755 entreissen.
784 3701 857 3770 tipat
859 3717 889 3754 er
912 3699 959 3754 bei
982 3701 1087 3761 seinem
1104 3699 1181 3756 Tode
1200 3701 1278 3770 (319)
1302 3701 1347 3755 die

208 3769 241 3840 11)
255 3767 376 3825 Adverb.
390 3768 457 3839 loci,
470 3770 730 3826 hieralsAttribut
783 3770 988 3841 Regentschalt
1037 3768 1101 3825 dem
1150 3770 1347 3840 Polyperchon

209 3840 242 3912 11)
261 3842 418 3911 Antigonus
435 3841 534 3895 leitcte
552 3840 597 3895 dic
611 3841 729 3911 Belage·
783 3843 960 3915 ubertragen.
996 3841 1159 3910 Antipaters
1183 3789 1262 3896 Sohn
1282 3841 1346 3896 cre-

169 3929 243 3982 rung
255 3860 444 3967 n1chtg.eelbst
467 3910 605 3966 Eumenes
618 3910 730 3966 leistete
784 3913 885 3967 eander
900 3931 956 3968 war
969 3912 1058 3967 damit
1072 3911 1263 3980 nnznlrieden,
1279 3913 1345 3979 und,

171 3982 392 4038 denPrhfekten
411 3980 731 4051 einenidesforme1‚1n
784 4001 834 4038 aue
844 3983 1028 4039 Macedonian
1041 3982 1202 4052 verdrtngt,
1221 3952 1346 4038 verband

170 4056 219 4109 der
242 4071 271 4108 er
294 4053 422 4124 augleich
446 4054 496 4108 der
514 4024 731 4121 Konigsfaniilie
785 4070 814 4108 er
838 4054 897 4109 sich
920 4055 974 4108 mit
991 4054 1148 4124 Antigonus
1171 4054 1230 4107 und
1252 4053 1347 4109 Ptole-

170 4126 200 4179 in
218 4125 404 4179 Macedonian
421 4123 509 4179 Treue
533 4123 654 4192 gelobte
691 4124 731 4177 Zu
785 4130 873 4180 maus.
910 4125 971 4195 Geg
973 4140 1007 4178 en
1028 4124 1124 4179 diesen
1142 4124 1224 4178 Bund
1248 4123 1346 4180 suchtc

171 4195 262 4249 dieser
281 4196 384 4251 musste
403 4197 461 4250 eret
479 4196 524 4250 die
537 4195 730 4262 Zustimmung
786 4144 979 4266 Polyperchon
998 4193 1060 4249 eine
1075 4195 1193 4249 Statae'
1184 4212 1215 4249 ιιι
1225 4194 1344 4278 Alexan·

171 4268 219 4320 dee
246 4267 403 4336 Antigonus
437 4265 581 4336 eingeholt
569 4266 730 4319 twerden.
785 4266 848 4321 ders
867 4265 941 4321 Mutt
929 4270 972 4320 ter
995 4265 1054 4321 und
1076 4266 1124 4320 lud
1149 4264 1277 4321 dieeelbe
1302 4265 1346 4321 ein

172 4337 308 4391 Unterdee
327 4337 449 4391 entwich
467 4337 620 4407 Eumenes,
646 4335 683 4391 da
701 4351 731 4389 er
784 4339 857 4392 nach
875 4336 1059 4413 Macedonion
1076 4355 1110 4391 aa
1128 4337 1270 4392 kommen.
