2812 4786
152 187 193 241 VI
539 181 748 239 PRAEFATIO
767 181 946 237 EDITORIS.

153 349 248 415 libris
272 349 313 413 ad
337 349 473 414 eundem
496 346 658 431 Nepotem
681 347 733 411 vel
761 342 1032 430 ‘adaugendum',
1061 342 1336 428 quemadmodum

152 458 207 524 ille
240 456 358 538 voluit,
390 455 441 520 vel
480 454 675 538 ‘pleniorem
704 450 929 535 reddendum',
961 451 1046 535 quod
1077 451 1132 516 hic
1165 454 1338 535 spectavit,

153 584 257 648 nuper
280 561 474 645 conscriptis
502 582 609 625 meum
636 559 843 644 propositum
872 558 1022 642 persequi
1044 579 1113 622 non
1141 557 1203 622 sim
1227 558 1334 622 deter-

154 669 244 734 ritus.
290 667 371 734 (lum
396 669 481 732 enim
506 689 543 732 ex
567 688 760 751 unaquaque
788 665 874 750 apud
902 664 977 729 illos
1005 665 1127 750 pagina
1151 672 1339 751 appareret,

154 798 251 861 quam
275 775 420 841 diversas
444 798 463 840 a
486 795 536 838 me
560 775 703 839 rationes
727 772 828 839 secuti
852 774 976 857 essent,
998 775 1129 857 gratum
1152 792 1203 835 me
1226 771 1334 837 factu-

156 905 228 947 rum
252 883 417 948 nonnullis
437 881 621 947 scholarum
639 880 805 965 magistris
825 880 1005 964 sperabam,
1029 879 1057 944 si
1079 900 1185 942 meum
1210 879 1332 944 librum

154 989 320 1074 inceptum
344 989 544 1055 conficerem.

244 1095 334 1161 Haec
356 1097 513 1161 hactenus
533 1094 651 1160 dabam
671 1091 790 1160 Silusia
808 1095 885 1159 anni
905 1094 991 1159 1873
1011 1114 1122 1157 mense
1140 1091 1334 1179 Novembri,

155 1224 227 1267 cum
246 1203 386 1287 primum
400 1200 562 1286 Nepotem
582 1202 718 1266 ederem.
754 1201 827 1266 lam
840 1204 916 1285 post
930 1199 1093 1265 divendita
1108 1199 1217 1264 decem
1237 1201 1331 1265 milia

154 1309 251 1373 huius
279 1309 384 1373 libelli
412 1308 630 1392 exemplorum
658 1311 755 1394 rogat
782 1331 801 1374 a
824 1330 875 1373 me
898 1306 1092 1390 bibliopola,
1116 1311 1154 1372 ut
1176 1311 1328 1391 quartam

156 1416 333 1480 editionem
355 1415 536 1480 instituam.
572 1415 624 1480 Ad
644 1439 741 1500 quam
759 1416 900 1480 breviter
922 1415 1020 1479 liceat
1037 1413 1188 1497 praefari,
1209 1414 1330 1480 fecisse

157 1543 208 1585 me
229 1522 367 1586 libenter
386 1522 427 1586 ad
446 1526 633 1587 contextum
653 1523 729 1587 libri
751 1523 865 1586 melius
889 1520 1162 1605 constituendum,
1180 1524 1225 1600 ut,
1244 1543 1328 1605 quae

156 1629 287 1693 interim
307 1651 325 1694 a
344 1629 423 1694 viris
439 1629 541 1693 doctis
561 1629 612 1692 vel
630 1630 664 1692 in
684 1627 923 1693 commentariis
938 1626 1062 1692 diurnis
1077 1626 1115 1690 de
1134 1627 1327 1711 quibusdam

154 1735 294 1821 Nepotis
313 1736 394 1801 locis
413 1736 464 1799 vel
481 1735 698 1820 peculiaribus
718 1735 810 1800 libris
829 1734 868 1798 de
888 1735 1039 1798 universa
1057 1734 1125 1799 eius
1144 1734 1326 1799 elocutione

156 1843 323 1926 disputata
346 1846 468 1921 essent,
492 1843 710 1907 examinarem
734 1847 780 1927 et,
808 1863 889 1927 quae
913 1840 1043 1933 quidem
1068 1841 1273 1925 probassem,
1295 1841 1331 1906 in

157 1970 265 2012 meum
288 1969 384 2012 usum
407 1952 635 2013 converterem.
674 1949 745 2025 Qua
767 1948 801 2013 in
824 1970 859 2012 re
880 1946 1020 2012 Gemssii
1043 1948 1176 2012 monitis
1200 1949 1332 2032 egregie

158 2075 210 2117 me
234 2053 380 2118 adiutum
404 2075 474 2118 esse
501 2055 664 2138 profiteor.
709 2053 877 2119 Nonnulla
900 2056 999 2119 etiam
1021 2055 1127 2139 recepi
1151 2076 1189 2118 ex
1213 2051 1333 2120 (lobeti

156 2159 321 2245 (Lugduni
339 2158 539 2225 Batavorum
561 2159 660 2245 1881)
685 2165 718 2224 et
736 2159 918 2224 Andreseni
935 2158 1163 2242 Weidnerique
1182 2155 1334 2244 (Lipsiae

158 2263 259 2352 1884)
273 2267 480 2352 editionibus,
494 2272 532 2333 ut
547 2268 595 2331 illi
614 2268 772 2331 nonnulla
791 2288 830 2331 ex
844 2288 916 2331 mea
935 2267 986 2331 vel
1000 2267 1141 2331 secunda
1154 2266 1204 2331 vel
1221 2267 1333 2332 tertia.

156 2372 316 2439 Cobetum
335 2374 463 2460 quidem
483 2374 718 2459 quinquaginta
736 2372 803 2437 fere
822 2373 902 2438 locis
920 2395 1053 2456 prorsus
1073 2371 1216 2455 eandem,
1232 2396 1332 2457 quam

156 2503 217 2565 me,
233 2482 398 2547 nonnullis
417 2487 504 2547 certe
522 2481 663 2546 similem
678 2480 869 2545 emendandi
883 2481 1044 2544 rationem
1062 2479 1162 2544 inisse
1181 2480 1246 2543 iam
1260 2483 1335 2545 tum

155 2587 315 2669 videbam,
338 2608 411 2652 oum
434 2589 567 2653 tertiam
591 2610 696 2654 meam
720 2587 895 2652 editionem
920 2586 1109 2652 conficerem
1133 2583 1261 2673 (1882).

248 2692 287 2757 In
310 2695 578 2759 annotationibus
602 2694 781 2759 scribendis
804 2694 838 2757 id
863 2693 944 2757 mihi
967 2701 1037 2758 erat
1058 2694 1271 2778 propositum,
1294 2700 1334 2759 ut

156 2800 268 2883 potius
293 2800 523 2882 magistrorum
546 2800 677 2883 ingenia
700 2804 733 2864 et
756 2801 796 2863 ad
820 2800 1000 2864 orationem
1018 2799 1155 2884 Nepotis
1178 2799 1333 2864 subtilius

158 2905 411 2989 dignoscendam
435 2908 468 2968 et
491 2904 530 2968 ad
554 2926 615 2984 res,
634 2926 716 2988 quae
736 2905 776 2968 ab
797 2926 834 2969 eo
857 2905 1038 2990 traduntur,
1061 2905 1240 2971 accuratius
1259 2927 1332 2989 per·

156 3010 328 3097 quirendas
359 3011 544 3093 excitarem,
578 3033 676 3095 quam
710 3011 940 3095 discipulorum
968 3033 1100 3096 operam
1131 3013 1166 3076 in
1193 3012 1334 3097 legendo

157 3120 315 3205 scriptore
339 3118 551 3184 sublevarem.
589 3117 642 3183 Sic
665 3119 720 3202 qui
742 3119 778 3182 in
800 3118 921 3184 scholis
945 3119 1005 3183 has
1023 3119 1108 3183 vitas
1132 3120 1251 3204 legent,
1276 3120 1333 3214 ubi

155 3226 382 3312 perspexerint
408 3225 475 3290 fere
507 3225 590 3289 nihil
618 3246 653 3290 se
681 3224 721 3290 ad
751 3225 1029 3310 interpretandum
1062 3224 1333 3290 annotationibus

158 3334 312 3416 adiuvari,
336 3357 355 3398 a
377 3336 469 3397 textu
491 3332 563 3416 ipso
586 3353 653 3397 non
677 3332 874 3396 aberrabunt
897 3332 998 3396 oculis
1022 3332 1133 3397 auxilii
1155 3332 1332 3415 quaerendi

156 3461 262 3504 causa.
311 3437 469 3529 Magister
498 3445 606 3505 autem
635 3461 673 3504 ex
702 3438 970 3504 annotationibus
997 3442 1140 3525 tantum,
1172 3443 1331 3523 quantum

156 3546 257 3628 volet,
295 3544 335 3609 ad
368 3545 587 3627 explanandas
625 3546 770 3631 singulas
807 3567 858 3609 res
890 3545 1067 3629 depromet.
1123 3543 1217 3609 Certe
1253 3543 1331 3608 illae

157 3651 315 3737 aptiorem
342 3652 488 3716 libellum
517 3651 676 3734 efficiunt,
706 3651 761 3736 qui
788 3673 808 3715 a
830 3652 1084 3734 provectioribus
1116 3672 1245 3735 quoque
1268 3651 1331 3714 dis-

157 3759 275 3843 cipulis
298 3760 349 3823 vel
372 3757 534 3823 formandi
559 3757 627 3821 stili
649 3757 699 3820 vel
722 3778 828 3821 rerum
854 3758 1121 3824 addiscendarum
1146 3779 1243 3822 causa
1266 3758 1333 3840 pri-

155 3867 241 3932 vatis
265 3866 379 3931 studiis
403 3866 572 3930 recolatur.

247 4007 434 4074 Scribebam
458 4004 596 4072 Silusiae
620 4007 698 4071 anni
723 4007 808 4074 1886
832 4029 943 4072 menso
966 4005 1062 4072 Maio.

1059 4212 1275 4281 Ortmann.
