2812 4786
290 1055 620 1142 PRAEFATIO
658 1053 1013 1144 scelerosus

154 1279 229 1345 Non
253 1279 367 1344 dubito
391 1278 460 1343 fore
482 1276 699 1365 plerosque1)‚
726 1277 845 1362 Attice,
869 1281 925 1364 qui
947 1279 1009 1344 hoo
1032 1299 1135 1364 genus
1158 1281 1268 1346 scri-1

64 1375 181 1457 pturae
199 1370 270 1434 leve
288 1371 321 1432 et
339 1389 406 1432 non
424 1369 503 1432 satis
522 1367 656 1452 dignum
675 1389 874 1432 summorum
893 1370 1036 1434 virorum
1054 1370 1202 1454 personis
1209 1367 1235 1456 2)

63 1461 221 1542 iudicent,
244 1479 318 1522 cum
341 1457 479 1520 relatum
502 1457 625 1540 legent,
653 1455 726 1541 quis
754 1457 911 1521 musicam
938 1457 1082 1523 docuerit
1103 1457 1234 1543 Epami·

63 1547 219 1628 nondam,
248 1550 304 1611 aut
335 1545 370 1608 in
402 1545 470 1610 eius
498 1545 673 1609 virtutibus
706 1546 963 1630 commemorari,
991 1546 1128 1611 saltasse
1161 1570 1234 1612 eum

66 1636 232 1701 commode
261 1635 463 1717 scienterque
490 1633 580 1697 tibiis
608 1638 763 1698 cantasse.
811 1631 874 1697 Sed
900 1633 925 1698 ii
954 1637 1049 1698 erunt
1074 1635 1154 1718 fere,
1179 1636 1269 1720 quia

66 1728 214 1809 expertes
231 1724 413 1788 litterarum
432 1722 628 1787 Graecarum
646 1721 728 1785 nihil
750 1726 883 1804 rectum,
900 1721 966 1786 nisi
985 1723 1070 1806 quod
1089 1723 1235 1807 ipsorum

65 1814 212 1878 moribus
244 1813 427 1896 conveniat,
458 1812 630 1895 putabunt.
676 1810 739 1887 Qui
766 1809 794 1875 si
822 1810 993 1876 didicerint
1023 1834 1090 1877 non
1122 1812 1270 1878 eadema

65 1903 217 1968 omnibus
246 1922 315 1965 esse
341 1900 482 1966 honesta
509 1904 604 1984 atque
631 1900 754 1985 turpia,
777 1899 833 1964 sed
862 1901 971 1964 omnia
1001 1902 1158 1966 maiorum
1185 1902 1235 1966 in-

66 1991 192 2055 stitutis
214 1989 364 2074 iudicari,
387 2011 453 2055 non
476 1990 724 2054 admirabuntur
746 2011 806 2054 nos
829 1989 863 2053 in
887 1989 1085 2056 Graecorum
1107 1991 1234 2056 virtuti-

65 2080 126 2142 bus
151 2079 348 2162 exponendis
369 2101 474 2144 mores
495 2101 605 2144 eorum
625 2082 760 2143 secutos.
787 2075 900 2162 Neque
919 2079 1005 2143 enim
1025 2076 1154 2144 Cimoni
1172 2080 1271 2143 fuicr

64 2172 171 2252 turpe,
193 2167 443 2232 Atheniensium
467 2189 593 2233 summo
611 2167 689 2252 viro,
709 2188 853 2232 sororem
872 2164 1091 2254 germanam³)
1114 2167 1234 2231 habere

64 2257 100 2320 in
133 2257 358 2341 matrimoni0,
386 2257 503 2340 quippe
531 2278 604 2321 cum
631 2257 715 2320 cives
746 2257 813 2320 eius
843 2256 955 2320 eodem
988 2259 1156 2320 uterentur
1187 2255 1235 2319 irr-

65 2345 189 2409 stituto.
230 2343 278 2409 At
300 2344 334 2408 id
357 2345 485 2428 quidem
508 2345 629 2410 nostris
659 2345 802 2409 moribus
824 2344 916 2408 nefas
942 2344 1090 2408 habetur.
1132 2342 1235 2407 Laudi

63 2434 100 2497 in
123 2431 220 2498 Creta
242 2433 370 2498 ducitur
398 2433 644 2498 adulescentulis
669 2455 765 2516 quam
788 2433 944 2516 plurimos
971 2431 1125 2497 habuisse
1148 2454 1236 2497 ama-

65 2526 164 2586 tores.
207 2520 307 2587 Nulla
334 2521 568 2587 Lacedaemoni
593 2521 691 2586 vidua
718 2525 786 2585 tarn
814 2523 865 2585 est
893 2521 1028 2605 nobilis,
1056 2542 1138 2605 quae
1167 2543 1232 2587 non

68 2611 108 2672 ad
133 2630 245 2673 cenam
267 2615 320 2675 eat
343 2607 567 2698 condictam4).
603 2609 732 2696 Magnis
755 2610 790 2673 in
813 2609 962 2675 laudibus
985 2614 1057 2675 tota
1078 2611 1145 2674 fere
1168 2611 1269 2676 fuito

67 2695 234 2782 Graecia⁵)
262 2699 419 2764 victorem
442 2699 611 2784 Olympiae
639 2699 745 2783 citari,
768 2699 803 2763 in
828 2721 977 2763 scaenam
999 2721 1075 2764 vero
1103 2700 1233 2783 prodire

65 2808 104 2851 ao
125 2788 246 2871 populo
270 2809 340 2852 esse
369 2790 553 2872 spectaculo
576 2788 697 2853 nemini
720 2789 754 2852 in
776 2787 878 2852 isdem
901 2789 1053 2872 gentibus
1080 2788 1143 2853 fuit
1165 2790 1234 2852 tur-

65 2877 214 2960 pitudini.
243 2873 332 2952 Quae
352 2878 461 2941 omnia
480 2877 565 2962 apud
583 2899 643 2942 nos
662 2878 781 2960 partim
800 2875 943 2960 infamia,
961 2878 1080 2961 partim
1097 2876 1233 2940 humilia

67 2967 163 3049 atque
196 2966 237 3030 ab
269 2965 438 3031 honestate
472 2970 597 3032 remota
632 2968 806 3050 ponuntur.
852 2961 974 3030 Contra
1006 2965 1054 3030 ea'
1080 2966 1269 3049 pleraquec

65 3055 189 3118 nostris
213 3055 357 3118 moribus
382 3058 458 3119 sunt
482 3055 606 3139 decora,
629 3076 711 3138 quae
735 3053 820 3139 apud
842 3053 917 3119 illos
936 3055 1045 3137 turpia
1068 3056 1232 3136 putantur.

67 3141 169 3216 Quem
197 3143 282 3208 enim
305 3141 525 3208 Romanorum
548 3144 648 3226 pudet
670 3165 802 3208 uxorem
826 3142 939 3207 ducere
967 3143 1002 3205 in
1024 3141 1234 3209 convivium?

68 3234 125 3293 aut
148 3232 238 3295 cuius
260 3253 328 3296 non
352 3237 456 3297 mater
477 3233 617 3297 familias
641 3234 780 3314 primum
797 3233 904 3296 locum
922 3233 1012 3294 tenet
1036 3229 1163 3294 aedium
1186 3234 1232 3295 at·

66 3339 129 3401 que
152 3319 185 3382 in
209 3320 392 3385 celebritate
415 3321 586 3386 versatur?
619 3320 711 3396 Quod
735 3321 836 3383 multo
860 3320 897 3382 fit
916 3318 1013 3383 aliter
1034 3319 1068 3383 in
1088 3318 1268 3385 Graecia?

64 3405 152 3470 Nam
175 3429 277 3492 neque
299 3411 334 3474 in
357 3410 537 3475 convivmm
562 3409 732 3473 adhibetur
754 3408 816 3472 nisi
838 3408 1103 3493 propinquorum,
1125 3430 1231 3493 neque

66 3495 159 3560 sedet
175 3497 241 3561 nisi
258 3498 294 3562 in
312 3500 462 3563 interiore
481 3503 574 3583 parte
594 3496 730 3581 aedium,
747 3519 829 3581 quae
849 3499 1071 3582 gynaeconitis
1091 3496 1233 3582 appella-

65 3589 133 3663 tur,
156 3607 219 3670 quo
247 3608 343 3652 nemo
367 3588 490 3652 accedit
516 3589 580 3652 nisi
602 3587 788 3671 propinqua
810 3587 1003 3672 cognatione
1031 3587 1233 3651 coniunctus.
1252 3600 1269 3649 8

105 3775 126 3844 ¹)
144 3775 249 3856 'Nepos
276 3777 327 3831 hat
349 3779 423 3832 nach
448 3795 505 3832 non
527 3777 625 3834 dubito
680 3777 791 3833 erlaubt
813 3795 883 3846 war,
907 3778 993 3832 sehon
1017 3776 1068 3832 wir
1091 3794 1140 3832 aus
1164 3777 1237 3831 Dion

65 3845 124 3900 fast
141 3865 242 3902 immer
260 3850 314 3903 den
333 3865 389 3903 aco.
403 3866 426 3904 o.
445 3848 533 3917 infin,
553 3850 626 3903 doch
680 3850 706 3919 I,
726 3855 750 3902 1.

67 3917 220 3987 einigemal
243 3919 316 3974 auch
339 3919 420 3988 quin,
443 3939 465 3974 a.
485 3921 516 3974 B.
534 3920 626 3974 Hann.
716 3920 737 3988 4)
766 3916 840 3973 (lena
863 3918 993 3973 condicta
1019 3919 1057 3973 ist
1079 3919 1125 3973 ein
1147 3915 1236 3984 Maur,

65 3986 115 4053 XI,
133 3993 159 4042 2.
195 3989 260 4059 Vgl.
279 3990 370 4044 Hann.
388 3991 424 4058 Π,
442 3998 466 4047 6.
679 4008 713 4043 au
735 3990 798 4044 dem
817 3988 1012 4059 Einladungen
1035 3988 1167 4059 ergehen,
1189 3989 1236 4042 ein

104 4058 126 4140 f)
154 4061 278 4116 Persona
296 4061 342 4116 die
360 4061 456 4129 Rullo,
480 4062 526 4116 die
549 4061 626 4116 einer
679 4059 882 4163 veqabredetes.
961 4131 967 4144 ·
1040 4129 1047 4140 ι

67 4129 237 4282 s{nihilium
264 4223 297 4257 zu
325 4201 424 4258 Cimon
446 4205 471 4272 1,
495 4210 519 4261 2.
556 4202 624 4257 Dals
679 4129 1236 4282 was)eildddlritlngghidtheVsdllidtstlidlteeld

65 4270 127 4326 drea
146 4272 279 4343 fibrigens
298 4275 379 4329 nicht
396 4274 469 4331 blols
489 4273 519 4330 in
531 4275 626 4329 Athen
680 4272 1236 4343 mehrcderwenigerergentr'imlrohwar.

121 4370 254 4426 aarum,
268 4371 387 4414 Cornelius
401 4376 484 4424 Nepos.
1010 4366 1024 4413 l
