2812 4786
158 179 202 244 94
592 179 754 236 ATTICUS.
785 187 827 238 18.
850 188 891 238 19.

123 342 261 408 aNulla
289 343 375 408 enim
402 343 454 406 lex
481 363 584 425 neque
612 364 676 426 pax
703 365 808 427 neque
831 344 954 408 bellum
983 366 1088 429 neque
1115 367 1168 410 res
1195 346 1337 414 illustris

160 437 210 497 est
233 432 346 516 populi
359 428 556 516 Romania),
579 453 661 514 quae
683 453 750 495 non
772 432 807 495 in
831 453 869 496 eo
894 454 951 497 suo
972 439 1120 516 tempore
1144 436 1189 499 sit
1211 440 1336 520 notata,

160 525 201 605 et,
225 520 310 604 quod
334 519 561 584 difficillimum
583 519 660 602 fuit,
684 521 730 584 sio
751 519 953 585 familiarum
977 522 1136 606 originem
1160 524 1338 608 subtexuit,

159 614 196 673 ut
228 631 267 673 ex
300 629 338 673 eo
374 608 538 673 clarorum
573 609 716 673 virorum
752 609 949 693 propagines
986 611 1132 675 omnium
1169 614 1334 696 possimus

124 711 384 850 trattt
409 695 620 849 tttlsst
640 696 937 850 ttitpt‘tt
959 698 1334 855 etitttlttat

159 874 269 938 ordine
293 805 503 954 enumiravit,
525 877 652 956 notans,
675 875 746 957 quis
770 896 789 938 a
811 808 1063 959 quoqueportus,
1086 897 1165 960 quos
1188 877 1333 944 honores

122 961 1335 1139 4arusiensemezezrt1rzterlitrrt³3tritt

121 1151 137 1200 5
157 1144 190 1204 et
213 1074 486 1224 Aemiliordmffli
527 1138 651 1214 Quibus
680 1139 772 1203 libris
795 1140 877 1204 nihil
899 1143 1008 1224 potest
1037 1163 1108 1205 esse
1132 1077 1333 1227 dulciusriiil,

157 1230 213 1313 qui
246 1229 388 1313 aliquam
420 1227 634 1311 cupiditatem
666 1227 789 1292 habent
819 1227 955 1292 notitiae
985 1230 1148 1294 clarorum
1177 1232 1333 1296 virorum.

157 1317 280 1402 Attigit
303 1317 465 1401 poeticam
488 1337 629 1399 quoque,
652 1316 825 1400 oredimus,
847 1338 888 1380 ne
912 1317 981 1381 eius
1010 1339 1123 1400 expers
1146 1323 1232 1382 esset
1255 1341 1331 1384 sua-

122 1419 138 1466 o
157 1406 279 1470 vitatis.
316 1403 466 1488 Namque
489 1404 528 1468 de
549 1404 629 1468 viris
651 1404 727 1487 illis,
750 1405 805 1488 qui
823 1405 948 1469 honore
970 1426 1140 1490 rerumque
1163 1411 1331 1491 gestarum

158 1493 375 1578 amplitudine
402 1497 526 1558 ceteros
550 1494 796 1576 praestiterunt,
819 1494 968 1576 exposuit
991 1494 1051 1577 ita,
1074 1500 1112 1559 ut
1134 1494 1330 1580 subsingu-

156 1584 263 1647 lorum
295 1582 492 1666 imaginibus
524 1582 612 1646 facta
643 1582 918 1666 magistratusque
951 1603 1062 1647 eorum
1091 1604 1158 1648 non
1189 1585 1332 1666 amplius

157 1670 325 1756 quaternis
354 1671 499 1756 quinisve
527 1670 675 1735 versibus
705 1669 912 1734 describeret:
946 1671 1031 1754 quod
1055 1671 1109 1736 vix
1137 1670 1331 1736 credendum

157 1762 209 1842 sit,
232 1763 341 1824 tantas
360 1782 412 1825 res
431 1764 500 1824 tam
517 1759 659 1824 breviter
678 1759 824 1842 potuisse
842 1759 1009 1826 declarari.
1045 1759 1108 1824 Est
1129 1760 1228 1825 etiam
1246 1761 1332 1825 liber

156 1847 278 1913 Graece
301 1847 476 1931 confectus,
499 1848 537 1911 de
561 1848 730 1912 consulatu
755 1843 978 1932 Ciceronis⁵⁴).

122 1949 134 1994 1
243 1935 330 2000 XIX.
367 1936 455 2001 Haeo
490 1936 648 2000 hactenus
680 1934 793 2000 Attico
830 1936 904 2000 vivo
942 1935 1029 2000 edita
1061 1957 1080 1999 a
1108 1937 1203 2000 nobis
1240 1943 1327 2002 sunt.

154 2025 262 2104 Nunc,
285 2024 438 2108 quoniam
461 2023 594 2088 fortuna
616 2045 676 2088 nos
700 2024 729 2088 ei
748 2025 938 2106 superstites
962 2045 1032 2088 esse
1053 2024 1171 2108 voluit,
1199 2025 1327 2110 reliqua

154 2133 383 2198 persequemur
405 2115 447 2196 et,
469 2114 627 2195 quantum
649 2113 861 2196 potuerimus,
884 2134 992 2177 rerum
1016 2113 1170 2196 exemplis
1189 2113 1328 2178 lectores

155 2201 358 2284 docebimus,
395 2201 479 2265 siout
515 2221 612 2283 supra
650 2200 923 2284 significavimus,
956 2222 1032 2265 suos
1069 2204 1183 2285 cuique
1220 2223 1329 2266 mores

120 2303 134 2349 2
154 2291 344 2374 plerumque
367 2288 539 2354 conciliare
558 2288 731 2390 fortunam.
767 2287 917 2390 Namque
940 2289 996 2354 ille
1020 2293 1192 2390 contentus
1215 2290 1329 2354 ordine

154 2380 630 2552 tttdtattt‘tl'ile
651 2377 916 2529 dedidicit
932 2381 1330 2531 autumatur

153 2557 244 2621 nulla
272 2556 337 2620 alia
355 2517 399 2619 're
427 2577 523 2638 quam
552 2554 715 2637 elegantia
743 2554 828 2619 ritae
856 2554 927 2637 illa,
960 2575 1023 2636 qua
1050 2556 1173 2618 ceteros
1197 2559 1330 2636 ceperat

118 2646 315 2728 aprincipes
348 2644 490 2709 civitatis
524 2642 682 2727 dignitate
713 2642 794 2726 pari,
824 2641 958 2707 fortuna
991 2642 1172 2709 humiliore.
1217 2641 1327 2707 Tanta

153 2734 238 2796 enim
266 2733 466 2816 prosperitas
496 2727 714 2813 Gaesarem⁵⁶l
743 2736 794 2795 est
820 2734 1008 2815 consecuta,
1036 2735 1074 2796 ut
1095 2731 1178 2794 nihil
1208 2732 1328 2813 cinon

152 2821 311 2883 tribueret
333 2820 474 2897 fortuna,
497 2818 582 2901 quod
606 2820 755 2903 cuiquam
779 2823 855 2883 ante
875 2819 1052 2903 detulisset,
1075 2823 1107 2883 et
1127 2819 1327 2902 conciliaret,

117 2907 238 2991 aquod
267 2929 363 2972 nemo
393 2907 496 2971 adhuc
523 2906 602 2970 ciris
629 2905 794 2971 Romanus
823 2908 928 2990 quivit
954 2908 1113 2990 consequi.
1159 2907 1249 2972 Nata
1277 2913 1329 2973 est

152 3000 261 3060 autem
279 2994 390 3059 Attico
414 2993 522 3076 neptis
541 3015 581 3056 ex
599 2992 756 3078 Agrippa,
775 2995 826 3059 cui
846 2997 1003 3080 virginem
1021 2997 1120 3060 filiam
1139 2996 1327 3060 collocarat.

150 3085 245 3151 Hanc
274 3082 395 3149 ansar
426 3084 482 3148 vix
514 3082 698 3147 anniculam
722 3081 770 3146 Ti.
795 3080 929 3149 Claudio
957 3083 1097 3167 Neroni,
1128 3081 1327 3170 Drusilla⁶⁷)

187 3277 220 3341 49)
236 3278 294 3330 Ans
303 3276 399 3330 Cicero
409 3275 511 3328 wisaen
521 3274 580 3340 wir,
589 3273 650 3327 dass
660 3275 710 3328 das
764 3273 881 3328 Familie
900 3275 950 3328 der
969 3273 1131 3343 Scipionen,
1153 3273 1204 3327 der
1222 3274 1327 3327 andere

150 3343 709 3401 Buch'100JahreromischerGeschichte
764 3345 793 3398 in
816 3344 861 3398 die
885 3343 1004 3398 Familia
1031 3343 1081 3399 der
1103 3343 1184 3398 Fabii
1208 3344 1328 3398 Maximi

149 3417 295 3484 umfalste,
324 3416 384 3470 also
412 3419 485 3471 etwa
512 3415 556 3470 bis
585 3415 636 3470 auf
656 3415 710 3470 den
764 3415 939 3486 gelrommen‚
956 3414 1044 3469 daber
1053 3413 1099 3468 die
1114 3413 1223 3469 familia
1232 3416 1327 3469 Aemi·

150 3488 374 3542 cesarianisehen
387 3485 576 3556 Burgerkrieg
593 3486 709 3541 reichte.
763 3487 866 3540 liorum
890 3486 998 3541 sowohl
1016 3486 1071 3539 den
1090 3484 1185 3555 Scipio
1210 3485 1253 3540 als
1271 3486 1327 3539 den

187 3558 222 3625 ⁶⁰)
240 3556 348 3611 Konsul
366 3557 414 3611 des
432 3557 532 3612 Jahres
551 3562 593 3612 50.
763 3557 902 3610 Maximus
934 3556 1133 3612 intereasierte.
1184 3545 1326 3624 Ubrigens

186 3629 223 3696 ⁶¹)
239 3629 297 3680 Aus
311 3626 361 3680 der
369 3627 487 3682 Familia
500 3628 550 3682 der
560 3626 710 3696 Scipionem
764 3628 841 3694 steht
859 3626 968 3681 familia
984 3627 1044 3681 hier
1062 3627 1092 3681 in
1111 3627 1176 3680 dem
1190 3626 1325 3681 weiteren

149 3715 204 3754 von
223 3698 255 3764 Q.
271 3697 409 3752 Caecilius
427 3698 558 3752 Metellus
575 3699 641 3752 Pius
660 3698 709 3753 ad·
763 3699 848 3753 Sinna
866 3714 922 3753 von
940 3714 1017 3767 gens.

150 3767 708 3839 optiert,ScbwiegervaterdesPompejus
800 3768 834 3838 ⁶⁴)
853 3768 946 3822 Schon
973 3767 1013 3821 im
1040 3768 1125 3822 Jabre
1149 3772 1184 3822 60
1210 3767 1326 3822 berane-

150 3843 206 3895 und
215 3840 321 3895 Konsul
337 3839 386 3893 des
395 3839 495 3893 Jahres
505 3843 548 3892 52.
576 3838 614 3892 Er
623 3839 709 3893 heilst
782 3838 902 3909 egeben,
926 3840 986 3894 also
1004 3855 1061 3892 von
1084 3838 1139 3893 den
1160 3841 1325 3893 eruthnten

148 3909 326 3982 gewbhnlieh
350 3909 382 3976 Q.
403 3907 540 3964 Caecilius
566 3909 707 3978 Metellus,
762 3858 903 3964 §christan
922 3909 970 3963 des
989 3908 1099 3964 Atticus
1124 3907 1170 3962 die
1189 3908 1324 3962 fritheste.

148 3982 291 4037 allenlalls
309 3980 382 4037 noch
403 3981 457 4035 mit
474 3980 538 4034 dem
556 3979 708 4035 Boinamen
800 3981 834 4049 ⁶⁵)
852 3981 908 4034 Des
937 3979 965 4035 C
989 3979 1080 4062 Julius
1103 3977 1232 4060 Caesar..
1257 3979 1325 4033 Der·

149 4055 707 4193 solllulionsul(suffectus)desJahres45.
762 4048 1326 4188 geelppvppqrusqupqppochdtlzqqlpolqppprr(152

185 4195 220 4265 ¹⁵³)
239 4195 302 4248 Von
312 4193 380 4248 rwei
390 4192 502 4247 Sthnen
516 4192 564 4246 des
575 4193 606 4247 L.
616 4193 708 4247 Aemi·
761 4192 838 4247 Sohn
855 4191 1003 4261 adoptrert.

147 4265 202 4319 lius
221 4265 334 4333 Paulus,
354 4264 497 4333 Besiegers
516 4261 565 4317 des
582 4263 706 4330 Perseus,
798 4263 832 4334 56)
851 4261 1030 4318 Octavianus.

147 4351 206 4389 war
229 4335 318 4390 durch
340 4335 483 4403 Adoption
511 4333 588 4388 einer
610 4336 639 4387 in
661 4333 707 4388 die
798 4335 832 4403 ⁶⁷)
851 4333 948 4388 Voller
970 4333 1060 4388 Name
1083 4331 1166 4388 Livia
1189 4331 1326 4387 Drusilla.
