2812 4786
452 216 511 273 XV.
542 216 816 274 EPAMINONDAS.
839 225 865 273 3.
1199 219 1240 283 51

67 403 195 468 pauper
222 387 332 445 tamen
362 402 381 444 a
409 380 586 445 maioribus
616 380 761 463 relictus,
794 380 939 446 eruditus
972 384 1080 446 autem
1114 381 1173 462 sic,
1206 385 1243 446 ut

66 491 167 537 nemo
185 468 366 534 Thebanus.
403 467 491 534 Nam
514 472 546 533 et
565 469 755 534 citharizare
779 474 812 534 et
835 473 966 534 cantare
990 470 1030 534 ad
1049 470 1241 535 chordarum

68 580 187 625 sonum
210 559 324 623 doctus
348 562 399 622 est
422 579 441 621 a
463 554 666 644 Dionysio³),
689 558 744 642 qui
767 580 833 623 non
857 559 981 623 minore
1003 558 1067 623 fuit
1090 559 1124 623 in
1146 559 1242 623 musi·

66 649 115 714 cis
139 647 245 731 gloria
267 667 364 730 qnam
386 644 551 730 Damon⁴)
580 649 637 711 aut
658 643 867 733 Lampms⁵)‚
891 668 1028 730 quorum
1051 648 1242 731 pervulgata

68 741 148 802 sunt
170 735 314 818 nomina,
337 738 468 800 cantare
486 734 576 799 tibiis
601 734 642 799 ab
661 733 936 820 Olympiodoro⁶),
959 736 1080 800 saltare
1105 757 1124 800 a
1143 731 1241 800 Galli·

65 825 203 911 phrone.
248 823 294 887 At
316 823 544 907 philosophiae
573 828 815 908 praeceptorem
845 823 961 888 habuit
983 823 1098 911 Lysim
1121 823 1278 888 Taren-2

65 914 184 996 tinum,
202 911 460 998 Pythagoreumz
479 912 531 976 cui
550 911 679 997 quidem
699 913 745 976 sio
762 913 826 976 fuit
844 911 980 995 deditus,
998 915 1036 977 ut
1054 913 1241 978 adulescens

64 1002 196 1068 tristem
225 1020 263 1065 ac
290 1020 436 1064 severum
466 1021 577 1064 senem
600 1000 750 1064 omnibus
778 1000 845 1065 suis
869 1001 1059 1085 aequalibus
1090 1001 1123 1065 in
1147 1001 1241 1065 fami·

64 1090 212 1155 liaritate
241 1092 465 1173 anteponeret3
496 1109 601 1172 neque
629 1089 720 1173 prius
745 1111 817 1154 enm
843 1111 863 1154 a
886 1111 919 1154 se
943 1085 1113 1176 dimisitl),
1142 1111 1241 1173 quam

65 1179 218 1244 doctrina
248 1181 341 1242 tanto
375 1175 580 1242 antecederet
612 1176 862 1262 condiscipulos,
898 1182 935 1242 ut
965 1177 1062 1243 facile
1094 1179 1240 1261 intellegi

65 1271 180 1353 posset
197 1267 269 1349 pari
292 1265 388 1331 modo
413 1287 524 1331 omnes
544 1269 771 1349 superaturum
794 1267 828 1331 in
847 1267 963 1332 ceteris
982 1267 1114 1332 artibus.
1147 1265 1277 1330 Post-3

65 1377 165 1440 quam
198 1354 341 1438 ephebus
369 1357 420 1418 est
446 1354 553 1419 factus
582 1360 615 1418 et
641 1357 824 1438 palaestrae
856 1356 933 1420 dare
961 1377 1094 1440 operam
1122 1355 1239 1439 eoepit,

63 1464 133 1509 non
155 1447 224 1508 tam
243 1442 360 1508 virium
384 1442 602 1529 magnitudini
622 1444 755 1509 servivit
773 1467 870 1529 quam
894 1445 1040 1528 corporis
1058 1443 1240 1509 velocitati:

63 1533 157 1597 illam
185 1532 269 1596 enim
298 1530 339 1596 ad
367 1531 565 1596 athletarum
593 1552 702 1611 usum,
733 1532 818 1597 hanc
850 1532 890 1597 ad
925 1533 1004 1598 belli
1031 1532 1241 1598 existimabat

62 1621 237 1706 pertinere.
282 1618 397 1704 Itaque
430 1619 641 1684 exercebatur
673 1621 827 1686 currendo
862 1625 895 1685 et
927 1621 967 1685 ad
996 1643 1067 1686 eum
1099 1618 1278 1706 finem0),4

63 1709 173 1794 quoad
201 1712 341 1773 stantem
368 1708 541 1792 complecti
568 1711 679 1791 posset
711 1712 807 1792 atque
839 1710 1050 1794 contundere,
1076 1709 1238 1774 luctando

63 1796 105 1865 In
129 1796 229 1862 umis
253 1817 329 1862 vero
353 1797 529 1880 plurimum
553 1796 652 1860 studii
675 1798 895 1862 consumebat.
1237 1824 1239 1829 ¹

153 1883 215 1950 III.
250 1883 303 1949 Ad
328 1884 414 1950 hano
441 1885 586 1969 corporis
619 1885 806 1950 firmitatem
834 1886 976 1969 plurima
1008 1886 1108 1950 etiam
1139 1885 1273 1950 animi1

62 1975 152 2041 bona
175 1977 386 2039 accesserant
432 1973 516 2037 Erat
534 1975 620 2038 enim
639 1974 815 2053 modestus,
838 1975 989 2060 prudens,
1013 1981 1134 2060 gravis:
1158 1978 1238 2038 tem·

61 2064 198 2148 poribus
222 2062 386 2145 sapienter
404 2063 572 2127 utebatur:
595 2063 676 2128 belli
695 2063 829 2148 peritus,
853 2063 962 2128 animo
986 2064 1137 2148 maximo,
1156 2064 1239 2128 veri-

61 2151 143 2217 tatis
167 2151 246 2216 adeo
271 2150 420 2235 diligens,
443 2153 480 2214 ut
502 2171 542 2215 ne
566 2151 638 2217 ioco
658 2151 788 2236 quidem
813 2152 1013 2218 mentiretur.
1050 2151 1141 2216 Idem
1163 2167 1273 2216 oon-2

61 2241 174 2305 tineus
201 2239 392 2324 patiensque
421 2239 645 2304 admirandum
669 2241 704 2305 in
727 2240 871 2323 modum,
899 2262 965 2305 non
988 2241 1092 2306 solum
1117 2240 1238 2324 populi,

63 2328 120 2394 sed
138 2328 237 2393 etiam
258 2328 435 2393 amicorum
454 2327 548 2393 facile
565 2327 693 2393 ferebat
710 2329 859 2394 iniurias:
878 2329 1045 2413 inprimis
1064 2329 1238 2393 commissa

62 2417 201 2482 fideliter
232 2416 372 2481 celabat:
401 2416 553 2501 denique,
582 2416 667 2499 quod
695 2417 857 2480 interdum
881 2438 947 2481 non
975 2417 1083 2481 minus
1105 2416 1238 2500 prodest

62 2526 161 2590 quam
185 2505 302 2569 diserte
323 2504 437 2589 dicere,
460 2505 624 2569 studiosus
649 2508 719 2569 erat
743 2505 908 2570 audiendi:
933 2528 972 2569 ex
994 2505 1056 2570 hoc
1080 2505 1166 2568 enim
1190 2504 1236 2567 fa-

61 2593 183 2659 cillime
205 2593 286 2658 disci
309 2592 540 2657 arbitrabatur.
580 2592 694 2678 ltaque
719 2615 792 2658 oum
815 2594 849 2658 in
874 2594 1028 2658 circulum
1052 2589 1236 2680 venisset9),
1255 2609 1271 2657 3

60 2683 96 2746 in
116 2704 180 2766 quo
201 2685 258 2746 aut
276 2681 315 2746 de
333 2681 513 2765 republica
531 2682 752 2765 disputaretur
770 2685 827 2747 aut
845 2682 882 2746 de
901 2682 1111 2766 philosophia
1130 2702 1235 2746 sermo

59 2770 245 2852 haberetur,
262 2790 440 2854 numquam
458 2769 534 2834 inde
553 2770 642 2853 prius
662 2770 817 2854 discessit,
838 2793 935 2855 quam
956 2771 996 2835 ad
1014 2771 1114 2835 finem
1132 2792 1236 2835 sermo

59 2861 149 2924 esset
172 2858 337 2923 adductus.
381 2859 612 2943 Paupertatem
636 2859 716 2924 adeo
739 2859 836 2924 facile
860 2881 1031 2944 perpessus
1055 2863 1113 2943 est,
1137 2863 1174 2924 ut
1197 2860 1272 2923 det

58 2969 95 3012 re
109 2946 242 3031 publiea
255 2947 337 3010 nihil
353 2951 481 3032 praeter
496 2948 634 3033 gloriam
649 2948 779 3031 ceperit.
809 2949 998 3015 Amicorum
1016 2949 1051 3012 in
1066 2971 1100 3013 se
1114 2947 1234 3013 tuendo

59 3035 167 3101 caruit
184 3035 403 3119 facultatibus,
416 3035 479 3100 fide
498 3035 539 3100 ad
558 3036 641 3101 alios
659 3036 876 3102 'sublevandos
896 3058 992 3121 saepe
1012 3037 1059 3101 sio
1078 3058 1155 3101 usus
1175 3040 1234 3117 est,

59 3129 98 3189 ut
116 3122 252 3189 iudicari
270 3126 375 3208 possit
393 3124 502 3189 omnia
526 3125 555 3188 ei
574 3146 647 3190 cum
667 3125 780 3189 amicis
799 3125 900 3189 fuisse
920 3125 1111 3190 communia.
1148 3122 1233 3188 Nam
1252 3139 1268 3188 5

61 3234 136 3278 cum
160 3220 217 3278 aut
240 3213 358 3278 civium
382 3235 514 3278 suorum
539 3213 658 3296 aliquis
682 3213 722 3278 ab
746 3213 898 3278 hostibus
922 3216 1008 3277 esset
1031 3216 1155 3296 captus,
1178 3215 1235 3276 aut

96 3455 219 3540 §Dion
242 3475 304 3540 ,von
330 3456 460 3526 Theben,
493 3456 620 3526 zugleich
673 3455 812 3511 nacbdem
823 3455 968 3510 Philolaus
983 3455 1044 3510 hier
1058 3456 1235 3526 aulgetreten

58 3527 427 3668 llllehslinclhlciiiirhthen,
446 3597 551 3654 Lehrer
564 3598 621 3652 und
673 3545 738 3664 wast)¹
752 3594 840 3678 Nicbt
858 3615 909 3666 „zu
923 3597 986 3679 dem
1002 3596 1127 3666 Zvvecke,
1146 3597 1234 3680 dass‘f,

56 3668 202 3738 Ratgeber
220 3669 270 3725 des
288 3669 420 3724 Pericles.
673 3670 794 3722 sondern
813 3672 961 3736 „msovvert
973 3669 1015 3723 als
1029 3669 1128 3726 noch“.
1155 3665 1233 3722 Fmrs

96 3738 118 3808 ⁵)
136 3739 274 3811 Lamprus
285 3757 334 3795 aus
343 3739 446 3808 Athen,
456 3740 560 3794 hebres
571 3737 620 3793 des
673 3739 726 3793 bat
739 3738 785 3793 nie
800 3737 990 3809 subjektiven,
1004 3738 1123 3794 sondern
1136 3737 1236 3792 immor

57 3809 220 3880 Sophocles.
674 3808 840 3880 objektiven
855 3809 931 3864 Sinn.
960 3809 1024 3879 Vgl.
1040 3809 1096 3864 Cic.
1112 3810 1147 3863 de
1162 3810 1233 3863 orat.

94 3880 202 3951 ⁶)Den
229 3881 418 3936 bekannteren
446 3881 619 3949 Orthagoras
673 3880 694 3948 1,
714 3885 808 3946 9154.

57 3969 108 4007 aus
127 3952 245 4008 Theben
263 3951 449 4020 verschweigt
466 3951 570 4020 Nepos.
711 3950 733 4020 ⁹)
751 3950 808 4006 Der
824 3950 907 4020 Konj.
926 3949 1090 4004 bezeichnet
1108 3949 1169 4002 hier
1188 3948 1234 4002 die

94 4022 216 4093 ONacb
234 4023 351 4078 auderet
368 4020 523 4076 Nachriaht
543 4020 619 4076 lebte
673 4021 856 4077 wiederbolte
887 4019 1047 4089 Handlung.
1100 4018 1234 4074 Discessit

56 4092 138 4163 Lysis
151 4094 197 4150 bis
215 4112 250 4149 zu
268 4094 373 4149 seinem
382 4093 459 4147 Tode
473 4091 513 4146 im
526 4090 619 4147 Hause
672 4092 796 4147 nachber
810 4093 880 4147 statt
893 4090 1057 4146 discedebat
1070 4106 1168 4159 vvegen
1184 4091 1234 4144 der

56 4166 106 4219 des
124 4164 224 4236 Epam.
260 4165 297 4219 llr
320 4165 400 4220 hatte
422 4163 483 4219 sich
504 4162 551 4217 bei
570 4162 619 4218 der
672 4164 815 4233 Negation
846 4178 1005 4230 numquam.
1050 4160 1083 4214 In
1115 4159 1234 4215 affirma-

56 4235 125 4291 uber
158 4236 204 4291 die
235 4235 426 4306 Pythagoreos
457 4233 487 4288 in
518 4233 618 4289 Unter-
671 4235 744 4289 tiver
768 4233 851 4289 Form
879 4233 927 4287 des
949 4232 1138 4300 Hauptsatzes
1167 4230 1235 4284 oder

57 4306 156 4363 italien
166 4305 618 4374 hereinbrecbendenVerfolgung
671 4305 718 4360 bei
736 4304 786 4358 der
799 4303 942 4372 Negation
960 4319 1016 4356 non
1030 4302 1125 4356 atinde
1144 4300 1233 4355 disce-

58 4378 130 4433 naeh
149 4378 266 4433 Theben
288 4379 423 4447 gerettet
446 4376 531 4430 karse
558 4374 619 4430 Zeit
673 4376 759 4430 debat
778 4375 885 4430 steben.

927 4455 933 4469 ⁹
987 4463 1022 4490 nb.
