<?xml version="1.0" encoding="UTF-8"?>
<!DOCTYPE html PUBLIC "-//W3C//DTD XHTML 1.0 Transitional//EN"
    "http://www.w3.org/TR/xhtml1/DTD/xhtml1-transitional.dtd">
<html xmlns="http://www.w3.org/1999/xhtml" xml:lang="en" lang="en">
 <head>
  <title>
</title>
<meta http-equiv="Content-Type" content="text/html;charset=utf-8" />
  <meta name='ocr-system' content='tesseract 3.04.00' />
  <meta name='ocr-capabilities' content='ocr_page ocr_carea ocr_par ocr_line ocrx_word'/>
</head>
<body>
  <div class='ocr_page' id='page_1' title='image "./corneliinepotis04nepogoog_0048.png"; bbox 0 0 2812 4786; ppageno 0'>
   <div class='ocr_carea' id='block_1_1' title="bbox 524 151 1240 218">
    <p class='ocr_par' dir='ltr' id='par_1_1' title="bbox 524 151 1240 218">
     <span class='ocr_line' id='line_1_1' title="bbox 524 151 1240 218; baseline 0.015 -12"><span class='ocrx_word' id='word_1_1' title='bbox 524 151 557 208; x_wconf 88' lang='lat' dir='ltr'><strong>X.</strong></span> <span class='ocrx_word' id='word_1_2' title='bbox 586 151 684 208; x_wconf 87' lang='lat' dir='ltr'><strong>DlON.</strong></span> <span class='ocrx_word' id='word_1_3' title='bbox 710 158 787 208; x_wconf 86' lang='grc'><strong>6-8.</strong></span> <span class='ocrx_word' id='word_1_4' title='bbox 1197 153 1240 218; x_wconf 84' lang='grc'><strong>35</strong></span> 
     </span>
    </p>
   </div>
   <div class='ocr_carea' id='block_1_2' title="bbox 62 314 1275 3688">
    <p class='ocr_par' dir='ltr' id='par_1_2' title="bbox 62 314 1275 1198">
     <span class='ocr_line' id='line_1_2' title="bbox 65 314 1238 400; baseline 0.001 -19"><span class='ocrx_word' id='word_1_5' title='bbox 65 314 341 398; x_wconf 85' lang='lat' dir='ltr'><strong>adversariorum,</strong></span> <span class='ocrx_word' id='word_1_6' title='bbox 363 316 454 378; x_wconf 90' lang='lat' dir='ltr'><strong>ratus</strong></span> <span class='ocrx_word' id='word_1_7' title='bbox 478 315 638 380; x_wconf 89' lang='lat' dir='ltr'><strong>neminem</strong></span> <span class='ocrx_word' id='word_1_8' title='bbox 668 314 737 380; x_wconf 84' lang='lat' dir='ltr'><strong>sine</strong></span> <span class='ocrx_word' id='word_1_9' title='bbox 760 314 890 400; x_wconf 90' lang='lat' dir='ltr'><strong>magnis</strong></span> <span class='ocrx_word' id='word_1_10' title='bbox 918 316 1019 400; x_wconf 91' lang='lat' dir='ltr'><strong>copiis</strong></span> <span class='ocrx_word' id='word_1_11' title='bbox 1042 317 1083 381; x_wconf 95' lang='lat' dir='ltr'><strong>ad</strong></span> <span class='ocrx_word' id='word_1_12' title='bbox 1107 338 1141 381; x_wconf 89' lang='lat' dir='ltr'><strong>se</strong></span> <span class='ocrx_word' id='word_1_13' title='bbox 1164 339 1238 382; x_wconf 90' lang='lat' dir='ltr'><strong>ven·</strong></span> 
     </span>
     <span class='ocr_line' id='line_1_3' title="bbox 62 401 1274 490; baseline -0.001 -20"><span class='ocrx_word' id='word_1_14' title='bbox 62 410 191 470; x_wconf 79' lang='lat' dir='ltr'><strong>turum:</strong></span> <span class='ocrx_word' id='word_1_15' title='bbox 210 426 292 488; x_wconf 90' lang='lat' dir='ltr'><strong>quae</strong></span> <span class='ocrx_word' id='word_1_16' title='bbox 311 425 362 469; x_wconf 91' lang='lat' dir='ltr'><strong>res</strong></span> <span class='ocrx_word' id='word_1_17' title='bbox 382 425 455 468; x_wconf 90' lang='lat' dir='ltr'><strong>eum</strong></span> <span class='ocrx_word' id='word_1_18' title='bbox 473 403 598 469; x_wconf 86' lang='lat' dir='ltr'><strong>fefellit.</strong></span> <span class='ocrx_word' id='word_1_19' title='bbox 631 401 716 468; x_wconf 91' lang='lat' dir='ltr'><strong>Nam</strong></span> <span class='ocrx_word' id='word_1_20' title='bbox 735 404 821 469; x_wconf 90' lang='lat' dir='ltr'><strong>Dion</strong></span> <span class='ocrx_word' id='word_1_21' title='bbox 841 425 951 469; x_wconf 89' lang='lat' dir='ltr'><strong>eorum</strong></span> <span class='ocrx_word' id='word_1_22' title='bbox 968 405 1112 489; x_wconf 90' lang='lat' dir='ltr'><strong>ipsorum</strong></span> <span class='ocrx_word' id='word_1_23' title='bbox 1131 427 1237 490; x_wconf 90' lang='lat' dir='ltr'><strong>opera,</strong></span> <span class='ocrx_word' id='word_1_24' title='bbox 1257 420 1274 469; x_wconf 81' lang='lat'><strong>5</strong></span> 
     </span>
     <span class='ocr_line' id='line_1_4' title="bbox 63 492 1239 580; baseline 0 -21"><span class='ocrx_word' id='word_1_25' title='bbox 63 496 122 580; x_wconf 90' lang='lat' dir='ltr'><strong>qui</strong></span> <span class='ocrx_word' id='word_1_26' title='bbox 152 493 213 558; x_wconf 91' lang='lat' dir='ltr'><strong>sub</strong></span> <span class='ocrx_word' id='word_1_27' title='bbox 237 492 415 558; x_wconf 87' lang='lat' dir='ltr'><strong>adversarii</strong></span> <span class='ocrx_word' id='word_1_28' title='bbox 442 493 571 557; x_wconf 84' lang='lat' dir='ltr'><strong>fuerant</strong></span> <span class='ocrx_word' id='word_1_29' title='bbox 593 494 771 577; x_wconf 78' lang='lat' dir='ltr'><strong>potestate,</strong></span> <span class='ocrx_word' id='word_1_30' title='bbox 793 495 900 578; x_wconf 86' lang='lat' dir='ltr'><strong>regios</strong></span> <span class='ocrx_word' id='word_1_31' title='bbox 925 495 1057 577; x_wconf 83' lang='lat' dir='ltr'><strong>spiritus</strong></span> <span class='ocrx_word' id='word_1_32' title='bbox 1085 496 1239 578; x_wconf 80' lang='lat' dir='ltr'><strong>repressit</strong></span> 
     </span>
     <span class='ocr_line' id='line_1_5' title="bbox 62 580 1238 667; baseline -0.001 -18"><span class='ocrx_word' id='word_1_33' title='bbox 62 585 232 667; x_wconf 87' lang='lat' dir='ltr'><strong>totiusque</strong></span> <span class='ocrx_word' id='word_1_34' title='bbox 256 581 325 646; x_wconf 89' lang='lat' dir='ltr'><strong>eius</strong></span> <span class='ocrx_word' id='word_1_35' title='bbox 348 581 453 665; x_wconf 91' lang='lat' dir='ltr'><strong>partis</strong></span> <span class='ocrx_word' id='word_1_36' title='bbox 477 580 606 647; x_wconf 82' lang='lat' dir='ltr'>Siciliae</span> <span class='ocrx_word' id='word_1_37' title='bbox 630 582 753 665; x_wconf 91' lang='lat' dir='ltr'><strong>potitus</strong></span> <span class='ocrx_word' id='word_1_38' title='bbox 778 588 837 664; x_wconf 88' lang='lat' dir='ltr'><strong>est,</strong></span> <span class='ocrx_word' id='word_1_39' title='bbox 861 604 941 666; x_wconf 91' lang='lat' dir='ltr'><strong>quae</strong></span> <span class='ocrx_word' id='word_1_40' title='bbox 963 582 1121 666; x_wconf 85' lang='lat' dir='ltr'><strong>Dionysio</strong></span> <span class='ocrx_word' id='word_1_41' title='bbox 1144 605 1238 666; x_wconf 90' lang='lat' dir='ltr'><strong>paru-</strong></span> 
     </span>
     <span class='ocr_line' id='line_1_6' title="bbox 65 669 1239 755; baseline 0 -18"><span class='ocrx_word' id='word_1_42' title='bbox 65 676 146 754; x_wconf 85' lang='lat' dir='ltr'><strong>erat,</strong></span> <span class='ocrx_word' id='word_1_43' title='bbox 165 672 299 755; x_wconf 91' lang='lat' dir='ltr'><strong>parique</strong></span> <span class='ocrx_word' id='word_1_44' title='bbox 318 670 414 736; x_wconf 94' lang='lat' dir='ltr'><strong>modo</strong></span> <span class='ocrx_word' id='word_1_45' title='bbox 429 670 519 734; x_wconf 90' lang='lat' dir='ltr'><strong>urbis</strong></span> <span class='ocrx_word' id='word_1_46' title='bbox 534 669 766 755; x_wconf 82' lang='lat' dir='ltr'><strong>Syracusarum</strong></span> <span class='ocrx_word' id='word_1_47' title='bbox 787 673 914 754; x_wconf 88' lang='lat' dir='ltr'><strong>praeter</strong></span> <span class='ocrx_word' id='word_1_48' title='bbox 928 693 1034 736; x_wconf 90' lang='lat' dir='ltr'><strong>arcem</strong></span> <span class='ocrx_word' id='word_1_49' title='bbox 1050 676 1082 736; x_wconf 91' lang='lat' dir='ltr'><strong>et</strong></span> <span class='ocrx_word' id='word_1_50' title='bbox 1099 672 1239 736; x_wconf 89' lang='lat' dir='ltr'><strong>insulam</strong></span> 
     </span>
     <span class='ocr_line' id='line_1_7' title="bbox 65 758 1275 844; baseline -0.001 -18"><span class='ocrx_word' id='word_1_51' title='bbox 65 761 256 826; x_wconf 89' lang='lat' dir='ltr'><strong>adiunctam</strong></span> <span class='ocrx_word' id='word_1_52' title='bbox 283 759 417 842; x_wconf 87' lang='lat' dir='ltr'><strong>oppida,</strong></span> <span class='ocrx_word' id='word_1_53' title='bbox 449 781 549 844; x_wconf 87' lang='lat' dir='ltr'><strong>eoque</strong></span> <span class='ocrx_word' id='word_1_54' title='bbox 578 781 644 823; x_wconf 89' lang='lat' dir='ltr'><strong>rem</strong></span> <span class='ocrx_word' id='word_1_55' title='bbox 668 758 830 844; x_wconf 86' lang='lat' dir='ltr'><strong>perduxit,</strong></span> <span class='ocrx_word' id='word_1_56' title='bbox 858 763 895 823; x_wconf 89' lang='lat' dir='ltr'><strong>ut</strong></span> <span class='ocrx_word' id='word_1_57' title='bbox 921 759 972 824; x_wconf 88' lang='lat' dir='ltr'><strong>his</strong></span> <span class='ocrx_word' id='word_1_58' title='bbox 996 760 1275 825; x_wconf 79' lang='lat' dir='ltr'><strong>condicionibuso</strong></span> 
     </span>
     <span class='ocr_line' id='line_1_8' title="bbox 63 847 1239 934; baseline 0 -20"><span class='ocrx_word' id='word_1_59' title='bbox 63 871 181 934; x_wconf 91' lang='lat' dir='ltr'><strong>pacem</strong></span> <span class='ocrx_word' id='word_1_60' title='bbox 204 851 364 932; x_wconf 88' lang='lat' dir='ltr'><strong>tyrannus</strong></span> <span class='ocrx_word' id='word_1_61' title='bbox 383 847 490 913; x_wconf 87' lang='lat' dir='ltr'><strong>facere</strong></span> <span class='ocrx_word' id='word_1_62' title='bbox 510 848 621 913; x_wconf 88' lang='lat' dir='ltr'><strong>vellet:</strong></span> <span class='ocrx_word' id='word_1_63' title='bbox 646 847 789 914; x_wconf 89' lang='lat' dir='ltr'><strong>Siciliam</strong></span> <span class='ocrx_word' id='word_1_64' title='bbox 809 847 897 912; x_wconf 91' lang='lat' dir='ltr'><strong>Dion</strong></span> <span class='ocrx_word' id='word_1_65' title='bbox 917 848 1087 930; x_wconf 89' lang='lat' dir='ltr'><strong>obtineret,</strong></span> <span class='ocrx_word' id='word_1_66' title='bbox 1110 848 1239 914; x_wconf 89' lang='lat' dir='ltr'><strong>Italiam</strong></span> 
     </span>
     <span class='ocr_line' id='line_1_9' title="bbox 63 934 1240 1022; baseline 0 -19"><span class='ocrx_word' id='word_1_67' title='bbox 63 939 260 1022; x_wconf 87' lang='lat' dir='ltr'><strong>Dionysius,</strong></span> <span class='ocrx_word' id='word_1_68' title='bbox 284 937 460 1019; x_wconf 82' lang='lat' dir='ltr'><strong>Syracusas</strong></span> <span class='ocrx_word' id='word_1_69' title='bbox 484 934 771 1022; x_wconf 58' lang='lat' dir='ltr'><strong>Apollocratesffl),</strong></span> <span class='ocrx_word' id='word_1_70' title='bbox 794 938 845 1001; x_wconf 94' lang='lat' dir='ltr'><strong>cui</strong></span> <span class='ocrx_word' id='word_1_71' title='bbox 869 937 1042 1001; x_wconf 86' lang='lat' dir='ltr'><strong>maximam</strong></span> <span class='ocrx_word' id='word_1_72' title='bbox 1065 937 1159 1002; x_wconf 90' lang='lat' dir='ltr'><strong>fidem</strong></span> <span class='ocrx_word' id='word_1_73' title='bbox 1183 940 1240 1003; x_wconf 92' lang='lat' dir='ltr'><strong>uni</strong></span> 
     </span>
     <span class='ocr_line' id='line_1_10' title="bbox 64 1024 1238 1110; baseline 0 -18"><span class='ocrx_word' id='word_1_74' title='bbox 64 1029 220 1093; x_wconf 89' lang='lat' dir='ltr'><strong>habebat.</strong></span> <span class='ocrx_word' id='word_1_75' title='bbox 256 1024 352 1089; x_wconf 92' lang='lat' dir='ltr'><strong>Hunc</strong></span> <span class='ocrx_word' id='word_1_76' title='bbox 370 1029 488 1109; x_wconf 89' lang='lat' dir='ltr'><strong>postea</strong></span> <span class='ocrx_word' id='word_1_77' title='bbox 507 1024 593 1090; x_wconf 91' lang='lat' dir='ltr'><strong>Dion</strong></span> <span class='ocrx_word' id='word_1_78' title='bbox 611 1025 698 1091; x_wconf 86' lang='lat' dir='ltr'><strong>fame</strong></span> <span class='ocrx_word' id='word_1_79' title='bbox 718 1030 905 1110; x_wconf 83' lang='lat' dir='ltr'><strong>superatum</strong></span> <span class='ocrx_word' id='word_1_80' title='bbox 923 1047 996 1091; x_wconf 89' lang='lat' dir='ltr'><strong>oum</strong></span> <span class='ocrx_word' id='word_1_81' title='bbox 1015 1027 1082 1090; x_wconf 89' lang='lat' dir='ltr'><strong>suis</strong></span> <span class='ocrx_word' id='word_1_82' title='bbox 1108 1029 1149 1107; x_wconf 92' lang='lat' dir='ltr'><strong>[a.</strong></span> <span class='ocrx_word' id='word_1_83' title='bbox 1160 1027 1238 1106; x_wconf 84' lang='lat'><strong>356]</strong></span> 
     </span>
     <span class='ocr_line' id='line_1_11' title="bbox 63 1114 595 1198; baseline -0.008 -16"><span class='ocrx_word' id='word_1_84' title='bbox 63 1117 262 1182; x_wconf 87' lang='lat' dir='ltr'><strong>incolumem</strong></span> <span class='ocrx_word' id='word_1_85' title='bbox 286 1114 375 1178; x_wconf 92' lang='lat' dir='ltr'><strong>abire</strong></span> <span class='ocrx_word' id='word_1_86' title='bbox 397 1136 513 1198; x_wconf 89' lang='lat' dir='ltr'><strong>passus</strong></span> <span class='ocrx_word' id='word_1_87' title='bbox 536 1118 595 1179; x_wconf 90' lang='lat' dir='ltr'><strong>est.</strong></span> 
     </span>
    </p>

    <p class='ocr_par' dir='ltr' id='par_1_3' title="bbox 64 1202 1274 2780">
     <span class='ocr_line' id='line_1_12' title="bbox 157 1202 1274 1288; baseline -0.004 -18"><span class='ocrx_word' id='word_1_88' title='bbox 157 1203 215 1270; x_wconf 89' lang='lat' dir='ltr'><strong>Vl.</strong></span> <span class='ocrx_word' id='word_1_89' title='bbox 251 1202 412 1267; x_wconf 90' lang='lat' dir='ltr'><strong>Hastam</strong></span> <span class='ocrx_word' id='word_1_90' title='bbox 434 1225 606 1288; x_wconf 90' lang='lat' dir='ltr'><strong>prosperas</strong></span> <span class='ocrx_word' id='word_1_91' title='bbox 631 1207 763 1288; x_wconf 88' lang='lat' dir='ltr'><strong>tamque</strong></span> <span class='ocrx_word' id='word_1_92' title='bbox 788 1203 973 1287; x_wconf 90' lang='lat' dir='ltr'><strong>inopinatas</strong></span> <span class='ocrx_word' id='word_1_93' title='bbox 995 1225 1047 1268; x_wconf 87' lang='lat' dir='ltr'><strong>res</strong></span> <span class='ocrx_word' id='word_1_94' title='bbox 1069 1209 1240 1269; x_wconf 88' lang='lat' dir='ltr'><strong>consecuta</strong></span> <span class='ocrx_word' id='word_1_95' title='bbox 1260 1219 1274 1266; x_wconf 88' lang='lat'>1</span> 
     </span>
     <span class='ocr_line' id='line_1_13' title="bbox 71 1291 1240 1377; baseline -0.002 -19"><span class='ocrx_word' id='word_1_96' title='bbox 71 1297 123 1359; x_wconf 90' lang='lat' dir='ltr'><strong>est</strong></span> <span class='ocrx_word' id='word_1_97' title='bbox 156 1293 265 1358; x_wconf 84' lang='lat' dir='ltr'><strong>subita</strong></span> <span class='ocrx_word' id='word_1_98' title='bbox 296 1293 519 1374; x_wconf 82' lang='lat' dir='ltr'><strong>commutatio,</strong></span> <span class='ocrx_word' id='word_1_99' title='bbox 548 1293 630 1377; x_wconf 94' lang='lat' dir='ltr'><strong>quod</strong></span> <span class='ocrx_word' id='word_1_100' title='bbox 662 1291 795 1357; x_wconf 86' lang='lat' dir='ltr'><strong>fortuna</strong></span> <span class='ocrx_word' id='word_1_101' title='bbox 827 1314 886 1357; x_wconf 92' lang='lat' dir='ltr'><strong>sua</strong></span> <span class='ocrx_word' id='word_1_102' title='bbox 918 1292 1113 1377; x_wconf 89' lang='lat' dir='ltr'><strong>mobilitate,</strong></span> <span class='ocrx_word' id='word_1_103' title='bbox 1146 1315 1240 1377; x_wconf 91' lang='lat' dir='ltr'><strong>quem</strong></span> 
     </span>
     <span class='ocr_line' id='line_1_14' title="bbox 68 1381 1275 1468; baseline -0.001 -20"><span class='ocrx_word' id='word_1_104' title='bbox 68 1383 170 1468; x_wconf 86' lang='lat' dir='ltr'><strong>paulo</strong></span> <span class='ocrx_word' id='word_1_105' title='bbox 195 1384 270 1446; x_wconf 87' lang='lat' dir='ltr'><strong>ante</strong></span> <span class='ocrx_word' id='word_1_106' title='bbox 294 1385 347 1446; x_wconf 83' lang='lat' dir='ltr'><strong>ext</strong></span> <span class='ocrx_word' id='word_1_107' title='bbox 333 1382 466 1463; x_wconf 88' lang='lat' dir='ltr'><strong>tu,lerat</strong></span> <span class='ocrx_word' id='word_1_108' title='bbox 491 1381 674 1467; x_wconf 86' lang='lat' dir='ltr'><strong>demergere</strong></span> <span class='ocrx_word' id='word_1_109' title='bbox 698 1385 748 1446; x_wconf 85' lang='lat' dir='ltr'><strong>est</strong></span> <span class='ocrx_word' id='word_1_110' title='bbox 770 1382 895 1447; x_wconf 89' lang='lat' dir='ltr'><strong>adorta</strong></span> <span class='ocrx_word' id='word_1_111' title='bbox 939 1381 1084 1445; x_wconf 92' lang='lat' dir='ltr'><strong>Primum</strong></span> <span class='ocrx_word' id='word_1_112' title='bbox 1108 1383 1142 1445; x_wconf 92' lang='lat' dir='ltr'><strong>in</strong></span> <span class='ocrx_word' id='word_1_113' title='bbox 1164 1381 1275 1466; x_wconf 65' lang='lat' dir='ltr'><strong>filios</strong></span> 
     </span>
     <span class='ocr_line' id='line_1_15' title="bbox 67 1469 1239 1555; baseline -0.001 -19"><span class='ocrx_word' id='word_1_114' title='bbox 67 1472 108 1536; x_wconf 94' lang='lat' dir='ltr'><strong>de</strong></span> <span class='ocrx_word' id='word_1_115' title='bbox 138 1493 202 1555; x_wconf 92' lang='lat' dir='ltr'><strong>quo</strong></span> <span class='ocrx_word' id='word_1_116' title='bbox 230 1471 483 1536; x_wconf 89' lang='lat' dir='ltr'><strong>commemoravi</strong></span> <span class='ocrx_word' id='word_1_117' title='bbox 511 1493 620 1555; x_wconf 89' lang='lat' dir='ltr'><strong>supra,</strong></span> <span class='ocrx_word' id='word_1_118' title='bbox 643 1471 710 1536; x_wconf 84' lang='lat' dir='ltr'><strong>vim</strong></span> <span class='ocrx_word' id='word_1_119' title='bbox 737 1492 828 1535; x_wconf 92' lang='lat' dir='ltr'><strong>suam</strong></span> <span class='ocrx_word' id='word_1_120' title='bbox 857 1471 1009 1537; x_wconf 86' lang='lat' dir='ltr'><strong>exercuit</strong></span> <span class='ocrx_word' id='word_1_121' title='bbox 1052 1469 1139 1535; x_wconf 91' lang='lat' dir='ltr'><strong>Nam</strong></span> <span class='ocrx_word' id='word_1_122' title='bbox 1167 1493 1239 1536; x_wconf 88' lang='lat' dir='ltr'><strong>cum</strong></span> 
     </span>
     <span class='ocr_line' id='line_1_16' title="bbox 66 1558 1241 1649; baseline 0 -24"><span class='ocrx_word' id='word_1_123' title='bbox 66 1582 203 1625; x_wconf 82' lang='lat' dir='ltr'><strong>uxorem</strong></span> <span class='ocrx_word' id='word_1_124' title='bbox 231 1558 426 1642; x_wconf 86' lang='lat' dir='ltr'><strong>reduxisset,</strong></span> <span class='ocrx_word' id='word_1_125' title='bbox 456 1581 538 1642; x_wconf 87' lang='lat' dir='ltr'><strong>quae</strong></span> <span class='ocrx_word' id='word_1_126' title='bbox 566 1561 623 1623; x_wconf 92' lang='lat' dir='ltr'><strong>alii</strong></span> <span class='ocrx_word' id='word_1_127' title='bbox 651 1559 756 1623; x_wconf 85' lang='lat' dir='ltr'><strong>fuerat</strong></span> <span class='ocrx_word' id='word_1_128' title='bbox 783 1560 916 1649; x_wconf 89' lang='lat' dir='ltr'><strong>tradita,</strong></span> <span class='ocrx_word' id='word_1_129' title='bbox 944 1560 1108 1644; x_wconf 86' lang='lat' dir='ltr'><strong>filiumque</strong></span> <span class='ocrx_word' id='word_1_130' title='bbox 1140 1560 1241 1625; x_wconf 85' lang='lat' dir='ltr'><strong>vellet</strong></span> 
     </span>
     <span class='ocr_line' id='line_1_17' title="bbox 66 1647 1238 1733; baseline -0.001 -20"><span class='ocrx_word' id='word_1_131' title='bbox 66 1672 86 1713; x_wconf 91' lang='lat' dir='ltr'><strong>a</strong></span> <span class='ocrx_word' id='word_1_132' title='bbox 115 1650 243 1732; x_wconf 89' lang='lat' dir='ltr'><strong>perdita</strong></span> <span class='ocrx_word' id='word_1_133' title='bbox 208 1647 397 1713; x_wconf 85' lang='lat' dir='ltr'><strong>tluxuria</strong></span> <span class='ocrx_word' id='word_1_134' title='bbox 425 1649 465 1712; x_wconf 91' lang='lat' dir='ltr'><strong>ad</strong></span> <span class='ocrx_word' id='word_1_135' title='bbox 492 1650 646 1712; x_wconf 85' lang='lat' dir='ltr'><strong>virtutem</strong></span> <span class='ocrx_word' id='word_1_136' title='bbox 674 1669 838 1731; x_wconf 85' lang='lat' dir='ltr'><strong>revocare,</strong></span> <span class='ocrx_word' id='word_1_137' title='bbox 860 1649 984 1731; x_wconf 90' lang='lat' dir='ltr'><strong>accepit</strong></span> <span class='ocrx_word' id='word_1_138' title='bbox 1008 1648 1238 1733; x_wconf 87' lang='lat' dir='ltr'><strong>gravissimum</strong></span> 
     </span>
     <span class='ocr_line' id='line_1_18' title="bbox 65 1736 1274 1841; baseline -0.001 -38"><span class='ocrx_word' id='word_1_139' title='bbox 65 1759 186 1841; x_wconf 87' lang='lat' dir='ltr'><strong>parens</strong></span> <span class='ocrx_word' id='word_1_140' title='bbox 218 1739 334 1803; x_wconf 83' lang='lat' dir='ltr'><strong>vulnus</strong></span> <span class='ocrx_word' id='word_1_141' title='bbox 367 1742 471 1801; x_wconf 87' lang='lat' dir='ltr'><strong>morte</strong></span> <span class='ocrx_word' id='word_1_142' title='bbox 503 1737 571 1801; x_wconf 89' lang='lat' dir='ltr'><strong>filii.</strong></span> <span class='ocrx_word' id='word_1_143' title='bbox 620 1736 745 1801; x_wconf 90' lang='lat' dir='ltr'><strong>Deinde</strong></span> <span class='ocrx_word' id='word_1_144' title='bbox 778 1741 850 1802; x_wconf 92' lang='lat' dir='ltr'><strong>orta</strong></span> <span class='ocrx_word' id='word_1_145' title='bbox 815 1736 1041 1801; x_wconf 87' lang='lat' dir='ltr'><strong>tadissensio</strong></span> <span class='ocrx_word' id='word_1_146' title='bbox 1074 1742 1124 1801; x_wconf 91' lang='lat' dir='ltr'><strong>cst</strong></span> <span class='ocrx_word' id='word_1_147' title='bbox 1156 1738 1274 1802; x_wconf 75' lang='lat' dir='ltr'><strong>intera</strong></span> 
     </span>
     <span class='ocr_line' id='line_1_19' title="bbox 65 1825 1239 1912; baseline -0.003 -21"><span class='ocrx_word' id='word_1_148' title='bbox 65 1829 176 1912; x_wconf 89' lang='lat' dir='ltr'><strong>ipsum</strong></span> <span class='ocrx_word' id='word_1_149' title='bbox 199 1830 232 1890; x_wconf 84' lang='lat' dir='ltr'><strong>ct</strong></span> <span class='ocrx_word' id='word_1_150' title='bbox 255 1825 427 1890; x_wconf 88' lang='lat' dir='ltr'><strong>Heraclide</strong></span> <span class='ocrx_word' id='word_1_151' title='bbox 411 1848 476 1909; x_wconf 74' lang='lat' dir='ltr'><strong>em,</strong></span> <span class='ocrx_word' id='word_1_152' title='bbox 499 1826 554 1909; x_wconf 90' lang='lat' dir='ltr'><strong>qui</strong></span> <span class='ocrx_word' id='word_1_153' title='bbox 578 1826 662 1910; x_wconf 92' lang='lat' dir='ltr'><strong>quod</strong></span> <span class='ocrx_word' id='word_1_154' title='bbox 686 1826 904 1908; x_wconf 90' lang='lat' dir='ltr'><strong>principatum</strong></span> <span class='ocrx_word' id='word_1_155' title='bbox 928 1825 978 1889; x_wconf 90' lang='lat' dir='ltr'><strong>illi</strong></span> <span class='ocrx_word' id='word_1_156' title='bbox 1001 1847 1067 1890; x_wconf 89' lang='lat' dir='ltr'><strong>non</strong></span> <span class='ocrx_word' id='word_1_157' title='bbox 1090 1825 1239 1891; x_wconf 87' lang='lat' dir='ltr'><strong>concede-</strong></span> 
     </span>
     <span class='ocr_line' id='line_1_20' title="bbox 64 1911 1239 1999; baseline -0.002 -19"><span class='ocrx_word' id='word_1_158' title='bbox 64 1917 139 1998; x_wconf 87' lang='lat' dir='ltr'><strong>bat,</strong></span> <span class='ocrx_word' id='word_1_159' title='bbox 171 1915 346 1980; x_wconf 87' lang='lat' dir='ltr'><strong>factionem</strong></span> <span class='ocrx_word' id='word_1_160' title='bbox 378 1915 440 1978; x_wconf 89' lang='lat' dir='ltr'><strong>sibi</strong></span> <span class='ocrx_word' id='word_1_161' title='bbox 468 1911 722 1999; x_wconf 67' lang='lat' dir='ltr'><strong>comparavit23).</strong></span> <span class='ocrx_word' id='word_1_162' title='bbox 767 1913 917 1999; x_wconf 92' lang='lat' dir='ltr'><strong>Neque</strong></span> <span class='ocrx_word' id='word_1_163' title='bbox 907 1936 935 1979; x_wconf 92' lang='lat' dir='ltr'><strong>1s</strong></span> <span class='ocrx_word' id='word_1_164' title='bbox 968 1914 1075 1979; x_wconf 90' lang='lat' dir='ltr'><strong>minus</strong></span> <span class='ocrx_word' id='word_1_165' title='bbox 1108 1914 1239 1980; x_wconf 85' lang='lat' dir='ltr'><strong>valebat</strong></span> 
     </span>
     <span class='ocr_line' id='line_1_21' title="bbox 66 1966 1238 2158; baseline -0.001 -89"><span class='ocrx_word' id='word_1_166' title='bbox 66 1966 197 2158; x_wconf 85' lang='lat' dir='ltr'><strong>opibus:</strong></span> <span class='ocrx_word' id='word_1_167' title='bbox 220 2026 296 2068; x_wconf 89' lang='lat' dir='ltr'><strong>nam</strong></span> <span class='ocrx_word' id='word_1_168' title='bbox 315 2025 476 2068; x_wconf 88' lang='lat' dir='ltr'><strong>consensu</strong></span> <span class='ocrx_word' id='word_1_169' title='bbox 495 2003 638 2068; x_wconf 84' lang='lat' dir='ltr'><strong>civitatis</strong></span> <span class='ocrx_word' id='word_1_170' title='bbox 661 2009 811 2089; x_wconf 88' lang='lat' dir='ltr'><strong>praeerat</strong></span> <span class='ocrx_word' id='word_1_171' title='bbox 829 2004 935 2106; x_wconf 88' lang='lat' dir='ltr'><strong>classi,</strong></span> <span class='ocrx_word' id='word_1_172' title='bbox 954 2026 1027 2067; x_wconf 91' lang='lat' dir='ltr'><strong>cum</strong></span> <span class='ocrx_word' id='word_1_173' title='bbox 1046 2002 1132 2068; x_wconf 90' lang='lat' dir='ltr'><strong>Dion</strong></span> <span class='ocrx_word' id='word_1_174' title='bbox 1152 2025 1238 2068; x_wconf 86' lang='lat' dir='ltr'><strong>exer-</strong></span> 
     </span>
     <span class='ocr_line' id='line_1_22' title="bbox 68 2090 1274 2178; baseline 0 -20"><span class='ocrx_word' id='word_1_175' title='bbox 68 2093 171 2158; x_wconf 88' lang='lat' dir='ltr'><strong>citum</strong></span> <span class='ocrx_word' id='word_1_176' title='bbox 196 2093 377 2178; x_wconf 88' lang='lat' dir='ltr'><strong>pedestrem</strong></span> <span class='ocrx_word' id='word_1_177' title='bbox 404 2096 539 2157; x_wconf 90' lang='lat' dir='ltr'><strong>teneret.</strong></span> <span class='ocrx_word' id='word_1_178' title='bbox 583 2090 659 2157; x_wconf 90' lang='lat' dir='ltr'><strong>Non</strong></span> <span class='ocrx_word' id='word_1_179' title='bbox 689 2093 767 2157; x_wconf 85' lang='lat' dir='ltr'><strong>tulit</strong></span> <span class='ocrx_word' id='word_1_180' title='bbox 793 2093 855 2157; x_wconf 93' lang='lat' dir='ltr'><strong>hoc</strong></span> <span class='ocrx_word' id='word_1_181' title='bbox 881 2094 990 2157; x_wconf 93' lang='lat' dir='ltr'><strong>animo</strong></span> <span class='ocrx_word' id='word_1_182' title='bbox 1019 2115 1120 2177; x_wconf 92' lang='lat' dir='ltr'><strong>aequo</strong></span> <span class='ocrx_word' id='word_1_183' title='bbox 1143 2093 1274 2177; x_wconf 89' lang='lat' dir='ltr'><strong>Dion,4</strong></span> 
     </span>
     <span class='ocr_line' id='line_1_23' title="bbox 66 2178 1239 2266; baseline -0.001 -20"><span class='ocrx_word' id='word_1_184' title='bbox 66 2185 102 2246; x_wconf 88' lang='lat' dir='ltr'><strong>et</strong></span> <span class='ocrx_word' id='word_1_185' title='bbox 129 2203 253 2246; x_wconf 88' lang='lat' dir='ltr'><strong>versum</strong></span> <span class='ocrx_word' id='word_1_186' title='bbox 283 2181 374 2247; x_wconf 91' lang='lat' dir='ltr'><strong>illum</strong></span> <span class='ocrx_word' id='word_1_187' title='bbox 400 2181 533 2245; x_wconf 89' lang='lat' dir='ltr'><strong>Homeri</strong></span> <span class='ocrx_word' id='word_1_188' title='bbox 556 2182 684 2247; x_wconf 88' lang='lat' dir='ltr'><strong>rettulit</strong></span> <span class='ocrx_word' id='word_1_189' title='bbox 707 2204 746 2246; x_wconf 86' lang='lat' dir='ltr'><strong>ex</strong></span> <span class='ocrx_word' id='word_1_190' title='bbox 775 2182 914 2247; x_wconf 89' lang='lat' dir='ltr'><strong>secunda</strong></span> <span class='ocrx_word' id='word_1_191' title='bbox 942 2178 1177 2266; x_wconf 55' lang='lat' dir='ltr'><strong>rhapsodiauy</strong></span> <span class='ocrx_word' id='word_1_192' title='bbox 1205 2183 1239 2245; x_wconf 91' lang='lat' dir='ltr'><strong>in</strong></span> 
     </span>
     <span class='ocr_line' id='line_1_24' title="bbox 64 2270 1238 2356; baseline -0.002 -20"><span class='ocrx_word' id='word_1_193' title='bbox 64 2292 131 2356; x_wconf 90' lang='lat' dir='ltr'><strong>quo</strong></span> <span class='ocrx_word' id='word_1_194' title='bbox 160 2271 240 2335; x_wconf 89' lang='lat' dir='ltr'><strong>baec</strong></span> <span class='ocrx_word' id='word_1_195' title='bbox 269 2270 430 2335; x_wconf 88' lang='lat' dir='ltr'><strong>sententia</strong></span> <span class='ocrx_word' id='word_1_196' title='bbox 460 2274 523 2333; x_wconf 88' lang='lat' dir='ltr'><strong>cst:</strong></span> <span class='ocrx_word' id='word_1_197' title='bbox 550 2292 617 2335; x_wconf 90' lang='lat' dir='ltr'><strong>non</strong></span> <span class='ocrx_word' id='word_1_198' title='bbox 643 2292 737 2355; x_wconf 84' lang='lat' dir='ltr'><strong>posse</strong></span> <span class='ocrx_word' id='word_1_199' title='bbox 767 2271 847 2334; x_wconf 91' lang='lat' dir='ltr'><strong>benc</strong></span> <span class='ocrx_word' id='word_1_200' title='bbox 876 2273 945 2356; x_wconf 87' lang='lat' dir='ltr'><strong>geri</strong></span> <span class='ocrx_word' id='word_1_201' title='bbox 974 2292 1044 2334; x_wconf 90' lang='lat' dir='ltr'><strong>rem</strong></span> <span class='ocrx_word' id='word_1_202' title='bbox 1074 2270 1238 2353; x_wconf 91' lang='lat' dir='ltr'><strong>publicam</strong></span> 
     </span>
     <span class='ocr_line' id='line_1_25' title="bbox 65 2357 1230 2462; baseline -0.002 -38"><span class='ocrx_word' id='word_1_203' title='bbox 65 2360 148 2424; x_wconf 91' lang='lat' dir='ltr'><strong>mult</strong></span> <span class='ocrx_word' id='word_1_204' title='bbox 134 2364 243 2425; x_wconf 91' lang='lat' dir='ltr'><strong>torum</strong></span> <span class='ocrx_word' id='word_1_205' title='bbox 261 2359 414 2444; x_wconf 86' lang='lat' dir='ltr'><strong>imperiis</strong></span> <span class='ocrx_word' id='word_1_206' title='bbox 448 2357 541 2433; x_wconf 81' lang='lat' dir='ltr'><strong>Quod</strong></span> <span class='ocrx_word' id='word_1_207' title='bbox 560 2358 626 2424; x_wconf 88' lang='lat' dir='ltr'><strong>dict</strong></span> <span class='ocrx_word' id='word_1_208' title='bbox 611 2363 681 2424; x_wconf 87' lang='lat' dir='ltr'><strong>tum</strong></span> <span class='ocrx_word' id='word_1_209' title='bbox 701 2380 822 2462; x_wconf 83' lang='lat' dir='ltr'><strong>magna</strong></span> <span class='ocrx_word' id='word_1_210' title='bbox 840 2359 962 2424; x_wconf 89' lang='lat' dir='ltr'><strong>invidia</strong></span> <span class='ocrx_word' id='word_1_211' title='bbox 981 2363 1133 2424; x_wconf 87' lang='lat' dir='ltr'><strong>consecut</strong></span> <span class='ocrx_word' id='word_1_212' title='bbox 1134 2381 1155 2422; x_wconf 88' lang='lat' dir='ltr'><strong>a</strong></span> <span class='ocrx_word' id='word_1_213' title='bbox 1172 2363 1230 2424; x_wconf 91' lang='lat' dir='ltr'><strong>est·</strong></span> 
     </span>
     <span class='ocr_line' id='line_1_26' title="bbox 64 2447 1238 2532; baseline -0.001 -20"><span class='ocrx_word' id='word_1_214' title='bbox 64 2470 205 2532; x_wconf 87' lang='lat' dir='ltr'><strong>namque</strong></span> <span class='ocrx_word' id='word_1_215' title='bbox 236 2449 400 2532; x_wconf 87' lang='lat' dir='ltr'><strong>aperuisse</strong></span> <span class='ocrx_word' id='word_1_216' title='bbox 433 2447 601 2512; x_wconf 89' lang='lat' dir='ltr'><strong>videbatur</strong></span> <span class='ocrx_word' id='word_1_217' title='bbox 629 2449 802 2513; x_wconf 90' lang='lat' dir='ltr'><strong>omniam</strong></span> <span class='ocrx_word' id='word_1_218' title='bbox 830 2470 888 2512; x_wconf 89' lang='lat' dir='ltr'><strong>sua</strong></span> <span class='ocrx_word' id='word_1_219' title='bbox 915 2450 1077 2531; x_wconf 88' lang='lat' dir='ltr'><strong>potestate</strong></span> <span class='ocrx_word' id='word_1_220' title='bbox 1105 2467 1175 2511; x_wconf 89' lang='lat' dir='ltr'><strong>esse</strong></span> <span class='ocrx_word' id='word_1_221' title='bbox 1203 2469 1238 2511; x_wconf 89' lang='lat' dir='ltr'><strong>se</strong></span> 
     </span>
     <span class='ocr_line' id='line_1_27' title="bbox 65 2535 1272 2624; baseline 0 -22"><span class='ocrx_word' id='word_1_222' title='bbox 65 2537 157 2602; x_wconf 84' lang='lat' dir='ltr'><strong>velle.</strong></span> <span class='ocrx_word' id='word_1_223' title='bbox 192 2535 285 2601; x_wconf 89' lang='lat' dir='ltr'><strong>Hanc</strong></span> <span class='ocrx_word' id='word_1_224' title='bbox 307 2537 363 2601; x_wconf 90' lang='lat' dir='ltr'><strong>ille</strong></span> <span class='ocrx_word' id='word_1_225' title='bbox 380 2559 446 2602; x_wconf 90' lang='lat' dir='ltr'><strong>non</strong></span> <span class='ocrx_word' id='word_1_226' title='bbox 469 2536 571 2600; x_wconf 89' lang='lat' dir='ltr'><strong>lenire</strong></span> <span class='ocrx_word' id='word_1_227' title='bbox 590 2536 754 2624; x_wconf 88' lang='lat' dir='ltr'><strong>obsequio,</strong></span> <span class='ocrx_word' id='word_1_228' title='bbox 779 2536 834 2600; x_wconf 90' lang='lat' dir='ltr'><strong>sed</strong></span> <span class='ocrx_word' id='word_1_229' title='bbox 859 2535 1035 2601; x_wconf 87' lang='lat' dir='ltr'><strong>acerbitate</strong></span> <span class='ocrx_word' id='word_1_230' title='bbox 1002 2539 1236 2620; x_wconf 85' lang='lat' dir='ltr'><strong>opprimere</strong></span> <span class='ocrx_word' id='word_1_231' title='bbox 1256 2552 1272 2602; x_wconf 83' lang='lat'><strong>5</strong></span> 
     </span>
     <span class='ocr_line' id='line_1_28' title="bbox 65 2620 1238 2710; baseline -0.002 -20"><span class='ocrx_word' id='word_1_232' title='bbox 65 2624 191 2690; x_wconf 88' lang='lat' dir='ltr'><strong>studuit</strong></span> <span class='ocrx_word' id='word_1_233' title='bbox 191 2624 494 2709; x_wconf 90' lang='lat' dir='ltr'><strong>,Heraclidemque,</strong></span> <span class='ocrx_word' id='word_1_234' title='bbox 527 2647 599 2690; x_wconf 92' lang='lat' dir='ltr'><strong>cum</strong></span> <span class='ocrx_word' id='word_1_235' title='bbox 620 2620 799 2709; x_wconf 83' lang='lat' dir='ltr'><strong>Syracusas</strong></span> <span class='ocrx_word' id='word_1_236' title='bbox 818 2625 966 2710; x_wconf 88' lang='lat' dir='ltr'><strong>venisset,</strong></span> <span class='ocrx_word' id='word_1_237' title='bbox 943 2624 1238 2690; x_wconf 88' lang='lat' dir='ltr'><strong>tintcrficundum</strong></span> 
     </span>
     <span class='ocr_line' id='line_1_29' title="bbox 64 2714 198 2780; baseline -0.032 0"><span class='ocrx_word' id='word_1_238' title='bbox 64 2714 198 2780; x_wconf 85' lang='lat' dir='ltr'><strong>curavit.</strong></span> 
     </span>
    </p>

    <p class='ocr_par' dir='ltr' id='par_1_4' title="bbox 62 2801 1272 3688">
     <span class='ocr_line' id='line_1_30' title="bbox 156 2801 1272 2878; baseline 0.002 -12"><span class='ocrx_word' id='word_1_239' title='bbox 156 2801 228 2867; x_wconf 89' lang='lat' dir='ltr'>VII.</span> <span class='ocrx_word' id='word_1_240' title='bbox 266 2802 359 2878; x_wconf 80' lang='lat' dir='ltr'><strong>Quod</strong></span> <span class='ocrx_word' id='word_1_241' title='bbox 391 2803 514 2867; x_wconf 83' lang='lat' dir='ltr'><strong>factum</strong></span> <span class='ocrx_word' id='word_1_242' title='bbox 546 2802 697 2868; x_wconf 91' lang='lat' dir='ltr'><strong>omnibus</strong></span> <span class='ocrx_word' id='word_1_243' title='bbox 729 2805 905 2868; x_wconf 83' lang='lat' dir='ltr'><strong>maximum</strong></span> <span class='ocrx_word' id='word_1_244' title='bbox 932 2804 1081 2868; x_wconf 89' lang='lat' dir='ltr'><strong>timorem</strong></span> <span class='ocrx_word' id='word_1_245' title='bbox 1110 2803 1272 2870; x_wconf 91' lang='lat' dir='ltr'><strong>iniecit:1</strong></span> 
     </span>
     <span class='ocr_line' id='line_1_31' title="bbox 65 2891 1238 2977; baseline 0 -20"><span class='ocrx_word' id='word_1_246' title='bbox 65 2913 163 2957; x_wconf 88' lang='lat' dir='ltr'><strong>nemo</strong></span> <span class='ocrx_word' id='word_1_247' title='bbox 188 2892 274 2956; x_wconf 90' lang='lat' dir='ltr'><strong>enim</strong></span> <span class='ocrx_word' id='word_1_248' title='bbox 300 2893 357 2957; x_wconf 93' lang='lat' dir='ltr'><strong>illo</strong></span> <span class='ocrx_word' id='word_1_249' title='bbox 385 2891 558 2956; x_wconf 86' lang='lat' dir='ltr'><strong>interfecto</strong></span> <span class='ocrx_word' id='word_1_250' title='bbox 583 2915 616 2957; x_wconf 92' lang='lat' dir='ltr'><strong>se</strong></span> <span class='ocrx_word' id='word_1_251' title='bbox 644 2895 751 2957; x_wconf 89' lang='lat' dir='ltr'><strong>tutum</strong></span> <span class='ocrx_word' id='word_1_252' title='bbox 777 2893 924 2977; x_wconf 88' lang='lat' dir='ltr'><strong>putabat.</strong></span> <span class='ocrx_word' id='word_1_253' title='bbox 968 2891 1028 2957; x_wconf 91' lang='lat' dir='ltr'><strong>Ille</strong></span> <span class='ocrx_word' id='word_1_254' title='bbox 1052 2897 1160 2957; x_wconf 90' lang='lat' dir='ltr'><strong>autem</strong></span> <span class='ocrx_word' id='word_1_255' title='bbox 1184 2893 1238 2957; x_wconf 89' lang='lat' dir='ltr'><strong>ad-</strong></span> 
     </span>
     <span class='ocr_line' id='line_1_32' title="bbox 65 2980 1237 3066; baseline 0 -20"><span class='ocrx_word' id='word_1_256' title='bbox 65 2980 208 3046; x_wconf 79' lang='lat' dir='ltr'><strong>versario</strong></span> <span class='ocrx_word' id='word_1_257' title='bbox 236 2985 362 3046; x_wconf 89' lang='lat' dir='ltr'><strong>remoto</strong></span> <span class='ocrx_word' id='word_1_258' title='bbox 391 2981 543 3046; x_wconf 90' lang='lat' dir='ltr'><strong>licentius</strong></span> <span class='ocrx_word' id='word_1_259' title='bbox 571 3003 681 3046; x_wconf 90' lang='lat' dir='ltr'><strong>eorum</strong></span> <span class='ocrx_word' id='word_1_260' title='bbox 704 2982 804 3066; x_wconf 88' lang='lat' dir='ltr'><strong>bona,</strong></span> <span class='ocrx_word' id='word_1_261' title='bbox 827 3004 907 3066; x_wconf 90' lang='lat' dir='ltr'><strong>quos</strong></span> <span class='ocrx_word' id='word_1_262' title='bbox 935 2982 1057 3046; x_wconf 90' lang='lat' dir='ltr'><strong>sciebat</strong></span> <span class='ocrx_word' id='word_1_263' title='bbox 1085 2981 1237 3047; x_wconf 80' lang='lat' dir='ltr'><strong>adversus</strong></span> 
     </span>
     <span class='ocr_line' id='line_1_33' title="bbox 65 3068 1271 3153; baseline -0.001 -19"><span class='ocrx_word' id='word_1_264' title='bbox 65 3091 100 3134; x_wconf 85' lang='lat' dir='ltr'><strong>se</strong></span> <span class='ocrx_word' id='word_1_265' title='bbox 125 3069 272 3151; x_wconf 82' lang='lat' dir='ltr'><strong>sensisse,</strong></span> <span class='ocrx_word' id='word_1_266' title='bbox 296 3069 454 3134; x_wconf 89' lang='lat' dir='ltr'><strong>militibus</strong></span> <span class='ocrx_word' id='word_1_267' title='bbox 479 3070 669 3153; x_wconf 83' lang='lat' dir='ltr'><strong>dispertivit.</strong></span> <span class='ocrx_word' id='word_1_268' title='bbox 702 3071 826 3147; x_wconf 81' lang='lat' dir='ltr'><strong>Quibus</strong></span> <span class='ocrx_word' id='word_1_269' title='bbox 850 3071 962 3135; x_wconf 89' lang='lat' dir='ltr'><strong>divisis</strong></span> <span class='ocrx_word' id='word_1_270' title='bbox 985 3092 1059 3135; x_wconf 90' lang='lat' dir='ltr'><strong>cum</strong></span> <span class='ocrx_word' id='word_1_271' title='bbox 1083 3074 1135 3134; x_wconf 87' lang='lat' dir='ltr'><strong>cot</strong></span> <span class='ocrx_word' id='word_1_272' title='bbox 1121 3068 1236 3133; x_wconf 83' lang='lat' dir='ltr'><strong>rdiam</strong></span> <span class='ocrx_word' id='word_1_273' title='bbox 1255 3085 1271 3133; x_wconf 76' lang='grc' dir='ltr'><strong>ι</strong></span> 
     </span>
     <span class='ocr_line' id='line_1_34' title="bbox 65 3157 1236 3261; baseline 0 -39"><span class='ocrx_word' id='word_1_274' title='bbox 65 3159 197 3222; x_wconf 80' lang='lat' dir='ltr'><strong>maximi</strong></span> <span class='ocrx_word' id='word_1_275' title='bbox 190 3159 331 3223; x_wconf 90' lang='lat' dir='ltr'><strong>fierent</strong></span> <span class='ocrx_word' id='word_1_276' title='bbox 350 3162 506 3244; x_wconf 90' lang='lat' dir='ltr'><strong>sumptus,</strong></span> <span class='ocrx_word' id='word_1_277' title='bbox 525 3159 673 3224; x_wconf 88' lang='lat' dir='ltr'><strong>celeriter</strong></span> <span class='ocrx_word' id='word_1_278' title='bbox 694 3160 833 3261; x_wconf 83' lang='lat' dir='ltr'><strong>pecunia</strong></span> <span class='ocrx_word' id='word_1_279' title='bbox 852 3158 963 3223; x_wconf 89' lang='lat' dir='ltr'><strong>deesse</strong></span> <span class='ocrx_word' id='word_1_280' title='bbox 986 3157 1101 3243; x_wconf 90' lang='lat' dir='ltr'><strong>coepit,</strong></span> <span class='ocrx_word' id='word_1_281' title='bbox 1123 3179 1236 3258; x_wconf 82' lang='lat' dir='ltr'><strong>neque,</strong></span> 
     </span>
     <span class='ocr_line' id='line_1_35' title="bbox 72 3246 1237 3332; baseline 0 -22"><span class='ocrx_word' id='word_1_282' title='bbox 72 3268 136 3331; x_wconf 90' lang='lat' dir='ltr'><strong>quo</strong></span> <span class='ocrx_word' id='word_1_283' title='bbox 159 3269 274 3312; x_wconf 91' lang='lat' dir='ltr'><strong>manus</strong></span> <span class='ocrx_word' id='word_1_284' title='bbox 296 3248 486 3332; x_wconf 80' lang='lat' dir='ltr'><strong>porrigeret,</strong></span> <span class='ocrx_word' id='word_1_285' title='bbox 509 3248 703 3331; x_wconf 84' lang='lat' dir='ltr'><strong>suppetebat</strong></span> <span class='ocrx_word' id='word_1_286' title='bbox 725 3248 789 3311; x_wconf 90' lang='lat' dir='ltr'><strong>nisi</strong></span> <span class='ocrx_word' id='word_1_287' title='bbox 811 3247 845 3310; x_wconf 92' lang='lat' dir='ltr'><strong>in</strong></span> <span class='ocrx_word' id='word_1_288' title='bbox 863 3248 1038 3311; x_wconf 90' lang='lat' dir='ltr'><strong>amicorum</strong></span> <span class='ocrx_word' id='word_1_289' title='bbox 1059 3246 1237 3329; x_wconf 88' lang='lat' dir='ltr'><strong>possessio·</strong></span> 
     </span>
     <span class='ocr_line' id='line_1_36' title="bbox 67 3334 1236 3422; baseline -0.002 -22"><span class='ocrx_word' id='word_1_290' title='bbox 67 3357 135 3400; x_wconf 92' lang='lat' dir='ltr'><strong>nes</strong></span> <span class='ocrx_word' id='word_1_291' title='bbox 171 3334 259 3401; x_wconf 94' lang='lat' dir='ltr'><strong>ld</strong></span> <span class='ocrx_word' id='word_1_292' title='bbox 232 3358 301 3401; x_wconf 86' lang='lat' dir='ltr'><strong>crus</strong></span> <span class='ocrx_word' id='word_1_293' title='bbox 324 3336 411 3400; x_wconf 92' lang='lat' dir='ltr'><strong>modi</strong></span> <span class='ocrx_word' id='word_1_294' title='bbox 435 3340 513 3422; x_wconf 89' lang='lat' dir='ltr'><strong>erat,</strong></span> <span class='ocrx_word' id='word_1_295' title='bbox 535 3340 580 3416; x_wconf 90' lang='lat' dir='ltr'><strong>ut,</strong></span> <span class='ocrx_word' id='word_1_296' title='bbox 603 3358 674 3400; x_wconf 91' lang='lat' dir='ltr'><strong>cum</strong></span> <span class='ocrx_word' id='word_1_297' title='bbox 699 3337 783 3401; x_wconf 91' lang='lat' dir='ltr'><strong>milit</strong></span> <span class='ocrx_word' id='word_1_298' title='bbox 769 3341 818 3401; x_wconf 91' lang='lat' dir='ltr'><strong>tes</strong></span> <span class='ocrx_word' id='word_1_299' title='bbox 843 3334 906 3400; x_wconf 88' lang='lat' dir='ltr'><strong>sibi</strong></span> <span class='ocrx_word' id='word_1_300' title='bbox 929 3335 1122 3419; x_wconf 89' lang='lat' dir='ltr'><strong>conciliaret,</strong></span> <span class='ocrx_word' id='word_1_301' title='bbox 1145 3334 1236 3398; x_wconf 83' lang='lat' dir='ltr'><strong>amit</strong></span> 
     </span>
     <span class='ocr_line' id='line_1_37' title="bbox 62 3387 1269 3509; baseline -0.001 -21"><span class='ocrx_word' id='word_1_302' title='bbox 62 3428 150 3488; x_wconf 87' lang='lat' dir='ltr'><strong>teret</strong></span> <span class='ocrx_word' id='word_1_303' title='bbox 173 3426 354 3508; x_wconf 88' lang='lat' dir='ltr'><strong>optimates.</strong></span> <span class='ocrx_word' id='word_1_304' title='bbox 401 3387 542 3500; x_wconf 78' lang='lat' dir='ltr'><strong>Quariim</strong></span> <span class='ocrx_word' id='word_1_305' title='bbox 561 3447 669 3490; x_wconf 90' lang='lat' dir='ltr'><strong>rerum</strong></span> <span class='ocrx_word' id='word_1_306' title='bbox 694 3447 770 3489; x_wconf 87' lang='lat' dir='ltr'><strong>cura</strong></span> <span class='ocrx_word' id='word_1_307' title='bbox 792 3423 1005 3509; x_wconf 79' lang='lat' dir='ltr'><strong>frangebatur</strong></span> <span class='ocrx_word' id='word_1_308' title='bbox 1030 3427 1062 3488; x_wconf 90' lang='lat' dir='ltr'><strong>et</strong></span> <span class='ocrx_word' id='word_1_309' title='bbox 1088 3424 1234 3488; x_wconf 83' lang='lat' dir='ltr'><strong>insuetus</strong></span> <span class='ocrx_word' id='word_1_310' title='bbox 1253 3440 1269 3487; x_wconf 86' lang='lat'><strong>3</strong></span> 
     </span>
     <span class='ocr_line' id='line_1_38' title="bbox 62 3512 1235 3599; baseline 0.002 -23"><span class='ocrx_word' id='word_1_311' title='bbox 62 3513 150 3577; x_wconf 90' lang='lat' dir='ltr'><strong>male</strong></span> <span class='ocrx_word' id='word_1_312' title='bbox 179 3514 329 3580; x_wconf 90' lang='lat' dir='ltr'><strong>audiendi</strong></span> <span class='ocrx_word' id='word_1_313' title='bbox 356 3536 423 3579; x_wconf 92' lang='lat' dir='ltr'><strong>non</strong></span> <span class='ocrx_word' id='word_1_314' title='bbox 451 3515 559 3579; x_wconf 90' lang='lat' dir='ltr'><strong>animo</strong></span> <span class='ocrx_word' id='word_1_315' title='bbox 589 3536 690 3599; x_wconf 88' lang='lat' dir='ltr'><strong>aequo</strong></span> <span class='ocrx_word' id='word_1_316' title='bbox 719 3514 858 3598; x_wconf 83' lang='lat' dir='ltr'><strong>ferebat,</strong></span> <span class='ocrx_word' id='word_1_317' title='bbox 886 3513 924 3577; x_wconf 87' lang='lat' dir='ltr'><strong>dc</strong></span> <span class='ocrx_word' id='word_1_318' title='bbox 948 3535 982 3576; x_wconf 90' lang='lat' dir='ltr'><strong>sc</strong></span> <span class='ocrx_word' id='word_1_319' title='bbox 1011 3513 1052 3577; x_wconf 91' lang='lat' dir='ltr'><strong>ab</strong></span> <span class='ocrx_word' id='word_1_320' title='bbox 1081 3513 1121 3578; x_wconf 89' lang='lat' dir='ltr'><strong>iis</strong></span> <span class='ocrx_word' id='word_1_321' title='bbox 1150 3512 1235 3578; x_wconf 89' lang='lat' dir='ltr'><strong>male</strong></span> 
     </span>
     <span class='ocr_line' id='line_1_39' title="bbox 63 3601 1235 3688; baseline -0.001 -22"><span class='ocrx_word' id='word_1_322' title='bbox 63 3602 256 3686; x_wconf 86' lang='lat' dir='ltr'><strong>existimari,</strong></span> <span class='ocrx_word' id='word_1_323' title='bbox 274 3625 410 3688; x_wconf 90' lang='lat' dir='ltr'><strong>quorum</strong></span> <span class='ocrx_word' id='word_1_324' title='bbox 429 3604 527 3687; x_wconf 89' lang='lat' dir='ltr'><strong>paulo</strong></span> <span class='ocrx_word' id='word_1_325' title='bbox 543 3608 619 3668; x_wconf 87' lang='lat' dir='ltr'><strong>ante</strong></span> <span class='ocrx_word' id='word_1_326' title='bbox 637 3605 672 3668; x_wconf 93' lang='lat' dir='ltr'><strong>in</strong></span> <span class='ocrx_word' id='word_1_327' title='bbox 686 3605 810 3668; x_wconf 92' lang='lat' dir='ltr'><strong>caelum</strong></span> <span class='ocrx_word' id='word_1_328' title='bbox 829 3602 937 3667; x_wconf 87' lang='lat' dir='ltr'><strong>fuerat</strong></span> <span class='ocrx_word' id='word_1_329' title='bbox 951 3602 1054 3667; x_wconf 88' lang='lat' dir='ltr'><strong>elatus</strong></span> <span class='ocrx_word' id='word_1_330' title='bbox 1074 3601 1235 3666; x_wconf 86' lang='lat' dir='ltr'><strong>laudibus.</strong></span> 
     </span>
    </p>
   </div>
   <div class='ocr_carea' id='block_1_3' title="bbox 61 3688 1267 3954">
    <p class='ocr_par' dir='ltr' id='par_1_5' title="bbox 61 3688 1267 3954">
     <span class='ocr_line' id='line_1_40' title="bbox 62 3688 1234 3776; baseline 0.001 -22"><span class='ocrx_word' id='word_1_331' title='bbox 62 3688 191 3776; x_wconf 87' lang='lat' dir='ltr'><strong>Vulgus</strong></span> <span class='ocrx_word' id='word_1_332' title='bbox 215 3697 323 3757; x_wconf 91' lang='lat' dir='ltr'><strong>autem</strong></span> <span class='ocrx_word' id='word_1_333' title='bbox 343 3692 465 3758; x_wconf 85' lang='lat' dir='ltr'><strong>offensa</strong></span> <span class='ocrx_word' id='word_1_334' title='bbox 488 3693 521 3757; x_wconf 94' lang='lat' dir='ltr'><strong>in</strong></span> <span class='ocrx_word' id='word_1_335' title='bbox 541 3714 614 3757; x_wconf 91' lang='lat' dir='ltr'><strong>cum</strong></span> <span class='ocrx_word' id='word_1_336' title='bbox 633 3693 732 3757; x_wconf 90' lang='lat' dir='ltr'><strong>etiam</strong></span> <span class='ocrx_word' id='word_1_337' title='bbox 754 3689 941 3774; x_wconf 57' lang='lat' dir='ltr'><strong>militumffi)</strong></span> <span class='ocrx_word' id='word_1_338' title='bbox 964 3692 1131 3756; x_wconf 84' lang='lat' dir='ltr'><strong>voluntate</strong></span> <span class='ocrx_word' id='word_1_339' title='bbox 1155 3691 1234 3755; x_wconf 89' lang='lat' dir='ltr'><strong>libe·</strong></span> 
     </span>
     <span class='ocr_line' id='line_1_41' title="bbox 61 3778 1085 3864; baseline 0.001 -21"><span class='ocrx_word' id='word_1_340' title='bbox 61 3778 132 3843; x_wconf 89' lang='lat' dir='ltr'><strong>rius</strong></span> <span class='ocrx_word' id='word_1_341' title='bbox 155 3780 349 3864; x_wconf 90' lang='lat' dir='ltr'><strong>loquebatur</strong></span> <span class='ocrx_word' id='word_1_342' title='bbox 372 3786 405 3845; x_wconf 92' lang='lat' dir='ltr'><strong>et</strong></span> <span class='ocrx_word' id='word_1_343' title='bbox 426 3786 602 3864; x_wconf 91' lang='lat' dir='ltr'><strong>tyrannum</strong></span> <span class='ocrx_word' id='word_1_344' title='bbox 625 3804 691 3847; x_wconf 92' lang='lat' dir='ltr'><strong>non</strong></span> <span class='ocrx_word' id='word_1_345' title='bbox 714 3781 881 3846; x_wconf 88' lang='lat' dir='ltr'><strong>ferendum</strong></span> <span class='ocrx_word' id='word_1_346' title='bbox 905 3780 1085 3845; x_wconf 88' lang='lat' dir='ltr'><strong>dictitabat.</strong></span> 
     </span>
     <span class='ocr_line' id='line_1_42' title="bbox 153 3866 1267 3954; baseline -0.003 -21"><span class='ocrx_word' id='word_1_347' title='bbox 153 3866 242 3935; x_wconf 88' lang='lat' dir='ltr'><strong>VIII.</strong></span> <span class='ocrx_word' id='word_1_348' title='bbox 278 3869 367 3934; x_wconf 90' lang='lat' dir='ltr'><strong>Haec</strong></span> <span class='ocrx_word' id='word_1_349' title='bbox 398 3870 454 3934; x_wconf 87' lang='lat' dir='ltr'><strong>ille</strong></span> <span class='ocrx_word' id='word_1_350' title='bbox 484 3870 613 3934; x_wconf 90' lang='lat' dir='ltr'><strong>intuens</strong></span> <span class='ocrx_word' id='word_1_351' title='bbox 644 3892 716 3935; x_wconf 92' lang='lat' dir='ltr'><strong>cum</strong></span> <span class='ocrx_word' id='word_1_352' title='bbox 746 3892 842 3954; x_wconf 93' lang='lat' dir='ltr'><strong>quem</strong></span> <span class='ocrx_word' id='word_1_353' title='bbox 872 3868 912 3933; x_wconf 91' lang='lat' dir='ltr'><strong>ad</strong></span> <span class='ocrx_word' id='word_1_354' title='bbox 943 3868 1074 3933; x_wconf 90' lang='lat' dir='ltr'><strong>modum</strong></span> <span class='ocrx_word' id='word_1_355' title='bbox 1107 3867 1267 3932; x_wconf 87' lang='lat' dir='ltr'><strong>sedaret1</strong></span> 
     </span>
    </p>
   </div>
   <div class='ocr_carea' id='block_1_4' title="bbox 96 4038 1232 4125">
    <p class='ocr_par' dir='ltr' id='par_1_6' title="bbox 96 4038 1232 4125">
     <span class='ocr_line' id='line_1_43' title="bbox 96 4038 1232 4125; baseline -0.006 -25.963"><span class='ocrx_word' id='word_1_356' title='bbox 96 4041 137 4125; x_wconf 73' lang='lat'><strong>¹²)</strong></span> <span class='ocrx_word' id='word_1_357' title='bbox 161 4043 238 4098; x_wconf 88' lang='lat' dir='ltr'><strong>Sohn</strong></span> <span class='ocrx_word' id='word_1_358' title='bbox 256 4045 304 4098; x_wconf 89' lang='lat' dir='ltr'><strong>des</strong></span> <span class='ocrx_word' id='word_1_359' title='bbox 323 4043 480 4114; x_wconf 89' lang='lat' dir='ltr'><strong>Dionysius.</strong></span> <span class='ocrx_word' id='word_1_360' title='bbox 505 4042 543 4096; x_wconf 86' lang='grc' dir='ltr'><strong>Ει</strong></span> <span class='ocrx_word' id='word_1_361' title='bbox 561 4060 622 4099; x_wconf 86' lang='lat' dir='ltr'><strong>ver·</strong></span> <span class='ocrx_word' id='word_1_362' title='bbox 676 4060 712 4097; x_wconf 87' lang='lat' dir='ltr'><strong>an</strong></span> <span class='ocrx_word' id='word_1_363' title='bbox 726 4044 774 4098; x_wconf 86' lang='lat' dir='ltr'><strong>der</strong></span> <span class='ocrx_word' id='word_1_364' title='bbox 790 4041 923 4112; x_wconf 83' lang='lat' dir='ltr'><strong>Spitze&#39;</strong></span> <span class='ocrx_word' id='word_1_365' title='bbox 899 4060 975 4096; x_wconf 86' lang='lat' dir='ltr'><strong>emer</strong></span> <span class='ocrx_word' id='word_1_366' title='bbox 989 4038 1232 4096; x_wconf 85' lang='lat' dir='ltr'><strong>demokratischen</strong></span> 
     </span>
    </p>
   </div>
   <div class='ocr_carea' id='block_1_5' title="bbox 62 4112 967 4253">
    <p class='ocr_par' dir='ltr' id='par_1_7' title="bbox 62 4112 967 4253">
     <span class='ocr_line' id='line_1_44' title="bbox 62 4112 967 4253; baseline 0.085 -89"><span class='ocrx_word' id='word_1_367' title='bbox 62 4112 185 4185; x_wconf 77' lang='lat' dir='ltr'><strong>teioigte</strong></span> <span class='ocrx_word' id='word_1_368' title='bbox 205 4116 250 4169; x_wconf 66' lang='lat' dir='ltr'><strong>die</strong></span> <span class='ocrx_word' id='word_1_369' title='bbox 268 4117 350 4187; x_wconf 63' lang='lat'>3³18·</span> <span class='ocrx_word' id='word_1_370' title='bbox 674 4115 767 4253; x_wconf 33' lang='lat' dir='ltr'><strong>Parve</strong></span> <span class='ocrx_word' id='word_1_371' title='bbox 759 4133 800 4238; x_wconf 71' lang='lat' dir='ltr'><strong>l111</strong></span> <span class='ocrx_word' id='word_1_372' title='bbox 849 4184 887 4252; x_wconf 88' lang='lat'><strong>11,</strong></span> <span class='ocrx_word' id='word_1_373' title='bbox 907 4190 967 4239; x_wconf 81' lang='lat'><strong>204.</strong></span> 
     </span>
     <span class='ocr_line' id='line_1_45' title="bbox 801 4202 830 4240; baseline -0.069 0"><span class='ocrx_word' id='word_1_374' title='bbox 801 4202 830 4240; x_wconf 88' lang='lat' dir='ltr'><strong>as</strong></span> 
     </span>
    </p>
   </div>
   <div class='ocr_carea' id='block_1_6' title="bbox 63 4228 1233 4396">
    <p class='ocr_par' dir='ltr' id='par_1_8' title="bbox 63 4228 1233 4385">
     <span class='ocr_line' id='line_1_46' title="bbox 83 4228 1233 4338; baseline -0.004 -26.936"><span class='ocrx_word' id='word_1_375' title='bbox 83 4254 138 4338; x_wconf 32' lang='grc' dir='ltr'><strong>β’)</strong></span> <span class='ocrx_word' id='word_1_376' title='bbox 169 4255 242 4312; x_wconf 89' lang='lat' dir='ltr'><strong>Dion</strong></span> <span class='ocrx_word' id='word_1_377' title='bbox 274 4258 355 4312; x_wconf 88' lang='lat' dir='ltr'><strong>stand</strong></span> <span class='ocrx_word' id='word_1_378' title='bbox 387 4274 423 4312; x_wconf 89' lang='lat' dir='ltr'><strong>an</strong></span> <span class='ocrx_word' id='word_1_379' title='bbox 455 4259 502 4312; x_wconf 93' lang='lat' dir='ltr'><strong>der</strong></span> <span class='ocrx_word' id='word_1_380' title='bbox 529 4257 566 4326; x_wconf 89' lang='lat' dir='ltr'><strong>Sp</strong></span> <span class='ocrx_word' id='word_1_381' title='bbox 567 4258 622 4313; x_wconf 87' lang='lat' dir='ltr'><strong>itze</strong></span> <span class='ocrx_word' id='word_1_382' title='bbox 713 4256 747 4326; x_wconf 76' lang='lat'><strong>²⁵)</strong></span> <span class='ocrx_word' id='word_1_383' title='bbox 775 4256 855 4311; x_wconf 91' lang='lat' dir='ltr'><strong>Denn</strong></span> <span class='ocrx_word' id='word_1_384' title='bbox 881 4228 966 4308; x_wconf 87' lang='lat' dir='ltr'><strong>ihnen</strong></span> <span class='ocrx_word' id='word_1_385' title='bbox 993 4253 1098 4308; x_wconf 90' lang='lat' dir='ltr'><strong>konnte</strong></span> <span class='ocrx_word' id='word_1_386' title='bbox 1123 4271 1153 4308; x_wconf 88' lang='lat' dir='ltr'><strong>cr</strong></span> <span class='ocrx_word' id='word_1_387' title='bbox 1175 4270 1233 4307; x_wconf 90' lang='lat' dir='ltr'><strong>nun</strong></span> 
     </span>
     <span class='ocr_line' id='line_1_47' title="bbox 63 4276 1031 4396; baseline -0.004 -14"><span class='ocrx_word' id='word_1_388' title='bbox 63 4325 143 4383; x_wconf 89' lang='lat' dir='ltr'><strong>einer</strong></span> <span class='ocrx_word' id='word_1_389' title='bbox 169 4329 428 4396; x_wconf 84' lang='lat' dir='ltr'><strong>aristokratischen‚</strong></span> <span class='ocrx_word' id='word_1_390' title='bbox 454 4276 622 4384; x_wconf 83' lang='lat' dir='ltr'><strong>Heraklides</strong></span> <span class='ocrx_word' id='word_1_391' title='bbox 675 4328 768 4383; x_wconf 88' lang='lat' dir='ltr'><strong>nichts</strong></span> <span class='ocrx_word' id='word_1_392' title='bbox 787 4327 866 4381; x_wconf 87' lang='lat' dir='ltr'><strong>mehr</strong></span> <span class='ocrx_word' id='word_1_393' title='bbox 884 4325 1031 4382; x_wconf 84' lang='lat' dir='ltr'><strong>echenken.</strong></span> 
     </span>
    </p>
   </div>
   <div class='ocr_carea' id='block_1_7' title="bbox 984 4414 1022 4469">
    <p class='ocr_par' dir='ltr' id='par_1_9' title="bbox 984 4414 1022 4469">
     <span class='ocr_line' id='line_1_48' title="bbox 984 4414 1022 4469; baseline 0 -22"><span class='ocrx_word' id='word_1_394' title='bbox 984 4414 1022 4469; x_wconf 44' lang='grc' dir='ltr'>ᾗ</span> 
     </span>
    </p>
   </div>
   <div class='ocr_carea' id='block_1_8' title="bbox 0 0 1410 4786">
    <p class='ocr_par' dir='ltr' id='par_1_10' title="bbox 0 0 1410 4786">
     <span class='ocr_line' id='line_1_49' title="bbox 0 0 1410 4786; baseline 0 1"><span class='ocrx_word' id='word_1_395' title='bbox 0 0 1410 4786; x_wconf 95' lang='lat' dir='ltr'><strong> </strong></span> 
     </span>
    </p>
   </div>
  </div>
 </body>
</html>
