2812 4786
507 173 540 229 V.
568 172 690 228 alnou.
714 180 739 228 a.
759 180 783 229 a.
1191 176 1231 238 11

54 340 191 418 fecerat,
220 337 287 421 egit
315 357 388 400 cum
416 333 551 400 Cimone
579 341 616 400 ut
643 358 714 401 eam
749 337 811 402 sibi
838 359 971 402 uxorem
999 338 1105 402 daret:
1138 337 1171 402 id
1204 338 1231 402 si

54 428 279 510 impetrasset,
307 446 341 489 se
368 446 428 509 pro
456 425 512 489 illo
540 427 710 510 pecuniam
734 426 927 491 soluturum.
972 426 1005 490 Is
1029 448 1102 491 cunr
1130 427 1264 491 taleme

55 513 277 579 condicionem
306 517 546 597 aspernaretur,
570 513 718 597 Elpinice
746 516 879 600 negavit
908 537 942 579 se
965 536 1134 599 passuram
1158 514 1230 579 Mil-

55 603 155 667 tiadis
187 603 377 688 progeniem
410 601 444 665 in
472 601 609 667 vinculis
636 604 776 685 publicis
804 604 949 687 interire,
980 625 1077 689 seque
1106 601 1230 668 Calliae
1331 656 1339 671 .

54 695 243 776 nupturam,
266 690 294 755 si
317 712 356 754 ea
380 711 461 774 quae
484 691 689 773 polliceretur
712 692 940 776 praestitisset.

145 778 189 843 II.
211 778 283 844 Hoc
302 777 398 843 modo
417 776 599 865 custodia)
618 780 773 845 liberatus
789 778 905 845 Cimon
919 782 1065 847 celeriter
1084 780 1124 845 ad
1143 782 1229 864 prin·
1251 797 1265 845 1

56 869 199 952 cipatnm
228 868 383 950 pervenit.
429 865 582 932 Habebat
610 868 695 932 enim
720 870 801 934 satis
830 869 1045 954 eloquentiae,
1069 892 1228 934 summam

55 956 302 1040 liberalitatem,
330 977 483 1041 magnam
511 956 715 1041 prudentiam
743 979 816 1022 cum
842 957 923 1021 iuris
951 958 1054 1023 civilis
1082 963 1151 1022 tum
1182 960 1230 1022 rei

57 1044 219 1129 militaris,
234 1045 319 1129 quod
334 1066 407 1109 cum
426 1048 519 1127 patre
535 1067 553 1107 a
571 1066 672 1128 puero
691 1046 725 1111 in
741 1046 934 1111 exercitibus
953 1045 1059 1111 fuerat
1073 1051 1229 1111 versatus.

56 1134 173 1219 Itaque
196 1137 230 1197 et
257 1134 413 1217 populum
441 1134 601 1198 urbanum
628 1135 663 1198 in
686 1157 745 1200 sua
774 1135 879 1201 tenuit
901 1138 1063 1218 potestate
1087 1139 1119 1199 et
1143 1134 1227 1217 apud

57 1221 234 1287 exercitum
252 1222 426 1304 plurimum
440 1221 544 1287 valuit
563 1224 766 1288 auctoritate.
793 1223 975 1308 Imperator
993 1225 1078 1308 apud
1099 1225 1226 1304 [aeto]
1248 1236 1264 1284 2

57 1312 177 1374 flumen
205 1308 382 1394 Strymona
409 1315 442 1372 et
468 1310 666 1393 praesidium
694 1312 867 1377 Persarum
896 1317 928 1376 et
955 1333 1090 1398 magnas
1119 1313 1229 1395 copias

58 1399 240 1464 Thraecum
263 1398 404 1484 fugavit,
428 1399 645 1484 oppidumque
672 1401 719 1465 ibi
742 1405 855 1485 postea
879 1400 1086 1485 Amphipolis
1110 1401 1228 1466 consti-

56 1491 166 1551 tutum
198 1509 298 1571 eoque
331 1488 441 1552 decem
473 1488 564 1553 milia
592 1489 839 1554 Atheniensium
872 1491 906 1554 in
936 1491 1096 1555 coloniam
1130 1489 1230 1553 missa

58 1575 179 1662 suntl).
224 1576 313 1640 Idem
338 1575 487 1660 Scyrum,
510 1599 606 1660 quam
630 1600 667 1642 eo
694 1583 840 1662 tempore
864 1577 1006 1661 Dolopes
1035 1579 1230 1659 incolebant,

57 1667 140 1747 illis,
163 1666 246 1748 quod
270 1665 492 1730 contumacius
516 1687 550 1729 se
574 1670 755 1750 gesserant,
783 1667 862 1730 urbe
885 1667 1056 1750 insulaque
1089 1667 1130 1747 [a.
1149 1666 1230 1746 476]

58 1753 169 1817 eiectis
199 1755 376 1818 vacuefecit
403 1753 534 1836 suisque
563 1757 685 1819 civibus
716 1776 811 1840 agros
836 1755 955 1819 divisit.
1005 1754 1123 1837 Porro,
1147 1754 1267 1837 quoda

57 1845 125 1905 iam
148 1843 324 1907 nonnullae
346 1843 472 1906 insulae
496 1848 629 1928 propter
652 1843 862 1908 acerbitatem
885 1843 1014 1927 imperii
1037 1841 1232 1925 defecerant,

57 1933 142 1995 bene
161 1932 322 1995 animatas
338 1931 550 2018 confirmavit,
569 1932 727 1997 alienatas
747 1933 787 1996 ad
802 1931 944 1997 officium
963 1931 1066 1996 redire
1082 1928 1234 2018 coegiu).

57 2019 157 2102 Apud
179 2020 300 2084 flumen
323 2041 398 2084 vero
417 2019 691 2103 Eurymedontem
710 2020 902 2105 Cypriorum
922 2024 955 2084 et
973 2020 1077 2085 Phoe·
1102 2022 1232 2100 [11469]
1252 2033 1269 2081 4

57 2109 168 2171 nicum
192 2109 401 2173 ducentarum
429 2108 561 2175 navium
585 2111 721 2175 classem
746 2110 905 2175 devictam
929 2111 1029 2193 cepit,
1058 2110 1233 2194 eodemque

57 2197 111 2260 dic
134 2197 206 2280 pari
228 2198 362 2262 fortuna
384 2199 419 2260 in
440 2199 528 2262 terra
550 2221 627 2263 usus
652 2203 711 2263 est.
755 2197 905 2283 Namque
928 2198 1071 2262 hostium
1095 2198 1232 2262 navibus

59 2287 166 2368 captis
200 2287 310 2350 statim
344 2308 383 2350 ex
414 2286 516 2350 classe
549 2288 660 2372 copias
698 2309 772 2352 suas
810 2287 921 2352 eduxit
957 2287 1233 2370 barbarorumque

60 2373 237 2439 maximam
261 2377 327 2438 vim
351 2397 415 2438 uno
439 2395 597 2440 concursu
619 2377 806 2459 prostravit.
853 2375 923 2450 Qua
947 2375 1082 2439 victoria
1113 2385 1269 2458 magnat

59 2463 181 2545 praeda
208 2463 331 2547 potitus
360 2485 432 2526 cum
462 2463 593 2529 domum
621 2465 822 2546 revertisset,
845 2463 897 2527 his
922 2483 961 2526 ex
985 2461 1146 2526 manubiis
1177 2483 1233 2524 arx

59 2551 281 2637 Athenarum,
308 2574 372 2636 qua
401 2551 440 2616 ad
469 2553 636 2617 meridiem
664 2553 782 2636 vergit,
810 2555 860 2616 est
891 2554 1016 2615 ornata.
1063 2550 1232 2616 Postremo

59 2639 201 2704 Thasios
216 2640 383 2724 opulentia
400 2639 503 2706 fretos
518 2644 692 2724 postquam
710 2642 816 2725 primo
836 2639 949 2704 statim
969 2638 1109 2703 adventu
1130 2639 1232 2703 classe

60 2729 240 2812 superavit,
275 2728 441 2793 obsidione
474 2730 601 2794 clausos
634 2730 775 2793 triennio
808 2730 841 2792 in
874 2727 1070 2792 deditionem
1109 2728 1234 2811 accepit

61 2820 103 2898 [a.
123 2817 213 2899 465]Ι

150 2905 208 2971 Ill.
246 2905 369 2982 Quibus
393 2909 490 2973 rebus
513 2929 585 2972 cum
608 2930 690 2971 unus
714 2909 749 2970 in
773 2907 902 2971 civitate
926 2906 1064 2971 maxime
1093 2904 1233 2983 floreret,
1255 2917 1269 2964 1

58 2995 175 3060 incidit
198 2997 232 3059 in
255 2996 388 3060 eandem
410 2996 567 3061 invidiam
591 2992 719 3080 quaml)
748 2999 840 3079 pater
869 2995 1030 3078 ceterique
1054 2992 1232 3057 Athenien-

60 3086 144 3150 sium
168 3085 344 3168 principes:
367 3107 443 3150 nam
466 3088 625 3149 testarum
651 3083 814 3169 suffragiis
838 3085 945 3148 decem
972 3103 1072 3145 anno·
1097 3083 1138 3160 [a.
1148 3080 1229 3159 463]

59 3196 134 3237 rum
149 3174 262 3238 exsilio
283 3174 440 3238 multatus
456 3177 513 3239 est.
542 3171 641 3238 Cuius
661 3172 739 3237 facti
754 3172 887 3236 celerius
902 3169 1119 3247 Athenienses
1135 3189 1232 3251 quam
1252 3182 1269 3230 a

58 3263 169 3346 ipsum
193 3262 362 3344 paenituit.
404 3261 490 3326 Nam
514 3284 586 3327 cum
610 3262 665 3325 ille
689 3262 797 3325 animo
820 3260 899 3324 forti
927 3256 1066 3321 invidiae
1090 3256 1232 3343 ingrato·

59 3372 135 3414 rum
163 3350 279 3415 civium
312 3351 462 3416 cessisset
489 3350 675 3433 bellumque
703 3346 950 3412 Lacedaemonii
977 3342 1232 3409 Atheniensibus

58 3435 291 3524 intulissent8),
311 3439 482 3504 confestim
503 3441 667 3523 spectatae
682 3438 750 3501 eius
765 3435 895 3500 virtutis
910 3433 1103 3499 desiderium
1123 3454 1234 3496 conse-

98 3630 120 3700 ⁴)
129 3629 182 3684 Die
192 3630 620 3700 ganneErntthlungvonCimons
675 3629 736 3682 keit
749 3629 798 3682 der
812 3626 1059 3696 vorhergehenden
1069 3623 1234 3679 Jahreszahl

60 3700 463 3756 Haftistnnwahrscheinlich
474 3699 622 3755 uudnieht
674 3704 727 3754 476
746 3700 796 3753 hat
812 3698 894 3753 Blass
911 3700 951 3752 im
969 3695 1057 3752 rhein.
1077 3696 1148 3749 Mus.
1166 3698 1234 3750 1874

60 3772 247 3827 hinreichend
264 3775 407 3840 verbr'irgt.
675 3770 822 3826 bewiesen.

100 3842 121 3911 ⁶)
140 3841 223 3898 Diese
239 3843 394 3912 Grtndung
408 3844 483 3913 (467)
499 3841 569 3912 ging
582 3842 621 3895 im
712 3843 733 3909 ⁷)
754 3841 805 3896 Die
815 3841 929 3909 Pr'a'pos.
939 3840 972 3894 ia
981 3839 1019 3892 ist
1029 3838 1109 3892 nicht
1118 3837 1233 3891 wieder—

62 3912 182 3983 Kampsa
209 3931 299 3982 geren
325 3913 370 3968 die
395 3913 528 3969 Thracier
554 3911 621 3966 bald
677 3913 747 3966 holt.
1196 3976 1202 3988 Ι

60 3984 166 4038 wieder
190 4003 223 4039 nu
243 3983 362 4040 Grande.
399 3984 463 4039 Erst
485 3985 553 4038 kurn
572 4000 622 4038 vor
713 3983 734 4048 8)
763 3981 861 4037 Cimon
888 3980 967 4035 hatte
994 3979 1048 4033 den
1072 3977 1170 4032 Laced.
1194 3994 1233 4029 rm

60 4056 128 4108 dem
156 4055 304 4125 peloponn.
323 4057 426 4125 Kriege
448 4056 553 4124 gelang
576 4054 621 4108 die
677 4052 781 4107 dritten
814 4050 1020 4106 messenischen
1051 4047 1154 4118 Kriege
1188 4047 1233 4100 ein

61 4125 221 4196 Criindung
238 4143 295 4182 von
313 4127 490 4196 Amphipolis
509 4125 560 4180 auf
576 4125 622 4178 die
677 4122 853 4178 athenisohes
885 4120 1042 4189 Hilfscorps
1072 4116 1232 4187 angefiihrt3

61 4197 165 4252 Dauer.
677 4193 768 4249 dieses
791 4210 850 4247 war
877 4194 944 4247 aber
966 4192 995 4245 in
1019 4188 1234 4269 ehrenrfrhriger

101 4266 123 4335 8)
144 4267 273 4337 Carystus
284 4269 334 4322 auf
345 4267 547 4323 Eubbawurde
561 4271 623 4333 475,
677 4265 771 4319 Weise
787 4281 843 4319 von
861 4263 916 4317 den
930 4261 1175 4327 Laced'tmomern,
1191 4260 1233 4315 als

58 4337 160 4392 Naxus
168 4345 220 4394 473
229 4339 423 4394 unterworfen.
439 4338 489 4393 Die
496 4337 622 4408 Richtig·
676 4335 792 4390 bediirfe
811 4350 877 4389 man
896 4335 945 4388 der
964 4331 1040 4386 Hilfe
1058 4331 1150 4398 nicht,
1174 4335 1233 4385 ent-

117 4434 249 4489 Oarnauu,
264 4436 384 4479 Cornelius
397 4437 480 4486 Nepos.
1010 4425 1035 4474 ‘A
