2812 4786
167 190 211 254 52
523 191 580 247 XV.
614 189 887 246 EPAMINONDAS.
911 197 937 247 4.
957 196 982 246 5.

167 353 258 437 virgo
274 354 394 418 nubilis
404 356 537 437 propter
546 356 772 437 paupertatem
788 354 939 419 collocari
952 377 1018 420 non
1027 357 1149 439 posset,
1164 354 1352 420 amicorum

168 442 338 507 concilium
361 442 506 506 habebat
529 446 570 526 et,
593 445 748 526 qnantum
769 443 904 527 quisquc
928 443 1028 526 daret,
1051 465 1111 526 pro
1130 443 1351 508 facultatibus

132 530 358 615 simperabat.
395 530 543 614 Eamque
566 552 727 595 summam
751 553 823 596 cum
846 531 1037 615 confecerat,
1061 531 1242 597 adducebat
1263 553 1353 618 eum,

169 619 224 702 qui
243 619 428 702 quaerebat,
442 619 483 683 ad
502 640 566 704 eos,
581 620 636 703 qui
655 617 873 704 conferebant,
887 619 979 703 eique
993 623 1030 684 ut
1045 620 1107 704 ipsi
1125 625 1354 706 numerarent,

168 707 322 790 faciebat,
349 711 386 770 ut
413 706 484 791 ille,
513 707 554 771 ad
582 729 677 792 quem
702 729 739 771 ea
761 729 814 772 res
837 708 1036 793 pertinebat,
1066 708 1162 774 sciret
1185 713 1352 792 quantum

169 795 285 879 cuique
308 795 448 861 deberet.

132 899 147 947 1
256 882 313 948 IV.
351 883 491 949 Tentata
514 888 622 950 autem
646 885 716 948 eius
740 881 838 970 est¹⁰)
863 884 1062 950 abstinentia
1086 906 1105 948 a
1127 883 1352 950 Diomedonte

167 969 339 1056 Cyziceno:
371 994 509 1057 namque
537 973 565 1037 is
595 976 713 1057 rogatu
740 972 932 1038 Artaxerxis
965 973 1052 1057 regis
1080 972 1352 1056 Epaminondam

165 1061 303 1144 pecunia
331 1060 601 1146 corrumpendum
629 1064 824 1144 susceperat.
869 1059 932 1136 Qui
955 1081 1075 1146 magno
1104 1083 1177 1126 cum
1199 1063 1352 1146 pondere

167 1149 238 1214 auri
253 1149 381 1215 Thebas
400 1171 474 1214 cum
488 1149 640 1234 venisset,
653 1148 835 1232 Micythum
851 1149 1137 1231 adulescentulum,
1158 1170 1255 1232 quem
1274 1154 1351 1216 tum

166 1236 413 1322 Epaminondas
440 1238 618 1321 plurimum
646 1237 816 1322 diligebat,
846 1239 987 1322 quinque
1014 1237 1148 1302 talentis
1181 1237 1221 1302 ad
1253 1259 1352 1303 suam

168 1327 371 1391 voluntatem
408 1326 567 1408 perduxit.
621 1325 786 1410 Micythus
822 1325 1084 1410 Epaminondam
1121 1326 1277 1392 convenit
1315 1332 1352 1392 et

131 1428 300 1478 aeausam
328 1412 485 1478 adventus
513 1414 740 1480 Diomedontis
769 1415 919 1481 ostendit.
969 1415 1015 1478 At
1042 1414 1097 1478 ille
1125 1414 1350 1480 Diomedonte

166 1522 275 1566 coram
305 1500 409 1565 ‘nihil’
437 1503 543 1587 inquit
571 1502 665 1586 ‘opus
692 1504 829 1587 pecunia
857 1508 917 1567 est:
949 1525 1026 1566 nam
1055 1503 1083 1566 si
1110 1524 1167 1566 rex
1194 1524 1233 1567 ea
1264 1504 1350 1588 vult,

167 1611 250 1673 quae
265 1589 431 1654 Thebanis
451 1597 527 1657 sunt
545 1591 649 1673 utilia,
668 1591 770 1675 gratis
789 1591 895 1656 facere
916 1613 988 1656 sum
1003 1594 1148 1675 paratus,
1163 1591 1213 1655 sin
1231 1596 1349 1657 autem

167 1679 339 1762 contraria,
362 1680 551 1746 nonhabet
574 1680 646 1745 auri
669 1684 765 1765 atque
790 1679 917 1764 argenti
943 1680 1032 1744 satis.
1078 1677 1229 1764 Namque
1254 1681 1348 1746 orbis

130 1782 146 1831 3
167 1770 329 1833 terrarum
354 1768 481 1833 divitias
506 1769 651 1852 accipere
675 1771 750 1834 nolo
774 1791 833 1852 pro
855 1767 981 1852 patriae
1004 1767 1150 1832 caritate.
1182 1767 1232 1832 Tu
1258 1769 1349 1852 quod

166 1878 218 1920 me
241 1857 446 1942 incognitum
468 1859 604 1922 tentasti
627 1857 739 1940 tuique
763 1857 901 1921 similem
925 1856 1130 1938 existimasti,
1151 1877 1219 1920 non
1242 1857 1351 1923 miror

167 1945 291 2027 tibique
310 1945 461 2027 ignosco:
485 1945 541 2009 sed
561 1944 712 2029 egredere
730 1966 840 2029 prope,
863 1966 912 2027 ne,
936 1966 1009 2009 cum
1028 1966 1080 2008 me
1102 1965 1168 2009 non
1190 1946 1351 2032 potueris,

168 2032 250 2095 alios
274 2053 472 2114 corrumpas.
517 2032 563 2096 Et
589 2038 640 2116 tn,
662 2031 820 2116 Micythe,
850 2036 1021 2118 argentum
1044 2032 1120 2096 huic
1143 2032 1255 2117 redde,
1279 2039 1349 2119 aut,

131 2119 230 2183 enisi
254 2119 288 2183 id
311 2120 482 2185 confestim
505 2119 600 2206 facis,
630 2140 690 2203 ego
713 2124 747 2184 te
769 2121 899 2185 tradam
922 2119 1150 2207 magistratui'.
1196 2119 1349 2206 Dumque

168 2208 352 2273 Diomedon
378 2212 525 2293 rogaret,
556 2213 593 2273 ut
620 2211 691 2274 tuto
724 2209 809 2273 exire
838 2230 959 2292 suaque
990 2209 1054 2273 sibi
1081 2209 1193 2272 liceret
1219 2209 1349 2295 efferre,

169 2296 268 2362 ‘istud
292 2295 432 2381 quidem'
456 2297 562 2381 inquit
585 2296 725 2383 faciam,
746 2295 896 2383 nequest)
915 2301 976 2361 tua
991 2318 1097 2380 cansa,
1118 2297 1174 2361 sed
1192 2318 1276 2377 mea,
1294 2321 1349 2384 ne,

167 2387 194 2450 si
218 2386 279 2450 tibi
308 2386 353 2450 sit
379 2387 515 2470 pecunia
543 2386 708 2470 adempta,
736 2386 852 2471 aliquis
881 2386 968 2451 dicat
996 2389 1143 2469 ereptum
1170 2385 1204 2449 id
1226 2386 1270 2450 ad
1292 2409 1348 2453 me

131 2474 363 2559 opervenisse,
385 2474 469 2559 quod
494 2474 636 2540 delatum
660 2475 805 2559 accipere
830 2472 1028 2540 noluissem'.
1073 2473 1214 2538 Etcum
1237 2476 1281 2540 ab
1305 2498 1345 2542 eo

166 2563 361 2664 quaesisset,
390 2584 466 2664 quo·
483 2584 517 2627 se
545 2563 658 2629 deduci
686 2564 796 2646 vellet,
825 2567 922 2665 atque
945 2562 1000 2626 ille
1023 2563 1169 2626 Athenas
1197 2562 1347 2667 dixisset,

165 2650 383 2823 hhhhsitimsleld
396 2649 895 2824 ddiilaiin,utrrttuiiivi‹ileaitiuesmirith
904 2649 1252 2825 naiidrirueashdhderldt,
1261 2656 1346 2825 Stiiiii

167 2825 343 2891 Chabriam
376 2826 621 2911 Atheniensem,
657 2828 696 2892 de
733 2850 796 2912 quo
831 2849 928 2911 supra
965 2827 1163 2892 mentionem
1195 2829 1344 2914 fecimus,

168 2914 282 2979 effecit.
330 2914 556 2980 Abstinentiae
581 2915 643 2980 crit
665 2915 727 2980 hoc
751 2915 830 2980 satis
852 2916 1043 2981 testimonii.

133 3017 147 3065 1
256 3001 295 3068 V.
327 3002 403 3068 Fuit
426 3004 525 3068 etiam
550 3003 702 3086 disertus,
729 3006 768 3068 ut
789 3025 885 3069 nemo
910 3004 940 3069 ei
962 3004 1135 3069 Thebanus
1163 3026 1224 3089 par
1247 3009 1342 3091 esset,

166 3113 270 3176 neque
295 3092 402 3157 minus
426 3086 602 3158 concinnus
625 3093 659 3156 in
677 3093 839 3157 brevitate
862 3092 1079 3175 respondendi
1098 3113 1195 3175 quarn
1218 3093 1255 3157 in
1273 3116 1342 3179 pcr-

130 3195 147 3244 2
166 3183 264 3263 petua
288 3181 434 3258 oratione
458 3185 602 3247 ornatus.
643 3181 767 3245 Habuit
790 3181 1042 3245 obtrectatorem
1065 3184 1098 3244 et
1122 3182 1340 3249 adversarium

166 3271 198 3332 in
223 3270 481 3335 administranda
503 3270 672 3354 republica
693 3269 905 3335 Meneclidem
931 3270 1090 3352 quendam
1118 3269 1197 3333 satis
1222 3271 1339 3337 exerci-

166 3360 270 3421 tatum
289 3359 323 3421 in
342 3359 487 3437 dicendo,
505 3361 542 3423 ut
560 3359 751 3423 Thebanum
771 3358 908 3423 scilicet:
927 3378 1068 3441 namque
1085 3357 1135 3421 illi
1154 3358 1247 3443 genti
1265 3360 1339 3442 plus

131 3445 252 3509 sincst
285 3445 404 3510 virium
436 3469 534 3531 qnam
566 3447 699 3531 ingenii.
744 3445 793 3529 Is,
820 3445 906 3530 quod
937 3446 971 3509 in
1001 3467 1036 3510 re
1064 3444 1197 3509 militari
1225 3447 1342 3512 florere

166 3532 427 3616 Epaminondam
442 3535 582 3619 videbat,
600 3557 640 3600 ne
653 3535 741 3599 illius
756 3534 964 3619 imperatoris
983 3555 1082 3617 opera
1096 3533 1343 3620 desideraretur,

167 3620 293 3684 hortari
317 3621 444 3685 solebat
467 3622 649 3707 Thebanos,
671 3627 709 3687 ut
726 3644 840 3707 pacem
864 3622 949 3687 bello
973 3621 1180 3688 anteferrent.
1217 3621 1263 3687 At
1288 3624 1344 3689 ille

169 3707 281 3773 ‘fallis'
296 3710 402 3792 inquit
416 3708 527 3775 ‘verbo
542 3711 638 3795 cives,
648 3711 733 3794 quod
748 3733 767 3774 a
781 3711 868 3775 bello
884 3732 1015 3775 avocas:
1034 3711 1094 3775 otii
1108 3712 1193 3774 enim
1206 3713 1344 3778 nomine

130 3814 148 3863 4
169 3797 358 3862 servitutem
386 3798 550 3863 concilias.
595 3797 681 3863 Nam
704 3800 828 3883 paritur
856 3821 920 3884 pax
943 3799 1041 3864 bello.
1084 3798 1199 3883 Itaque
1223 3800 1281 3883 qui
1305 3823 1347 3866 ea

169 3885 294 3951 diutina
325 3886 440 3951 volunt
470 3887 549 3971 frui,
580 3887 668 3952 bello
702 3888 868 3952 exercitati
900 3909 970 3951 esse
1001 3887 1127 3952 debent.
1173 3886 1281 3963 Quare
1317 3891 1346 3955 si

105 4045 106 4048 Ἴ
168 3976 330 4060 principes
350 3974 504 4040 Graeciae
527 3996 606 4059 pace
626 3980 805 4041 ceterorum
823 3976 921 4040 vultis
940 3997 1019 4057 esse,
1042 3976 1157 4041 castris
1177 3979 1228 4040 est
1245 3979 1343 4043 vobis

133 4081 149 4128 o
170 4064 333 4147 utendum,
351 4085 418 4128 non
436 4064 620 4147 palaestra'.
656 4063 746 4129 Idem
764 4066 818 4128 ille
837 4063 1031 4129 Meneclides
1050 4086 1123 4129 cum
1138 4063 1344 4148 Epaminon-

205 4272 238 4342 10)
251 4270 405 4328 Vielleicht
417 4271 457 4326 im
466 4273 551 4328 Jahre
561 4277 621 4327 374.
640 4274 723 4327 Arta-
815 4272 849 4341 11)
866 4272 947 4325 Anm.
966 4288 1000 4326 zu
1018 4272 1093 4343 Agcs
1111 4273 1158 4343 VI,
1177 4279 1201 4327 3.

165 4360 260 4398 xerxes
278 4342 312 4395 Π.
332 4344 463 4400 Mnemon
481 4348 631 4399 405-359.
