<?xml version="1.0" encoding="UTF-8"?>
<!DOCTYPE html PUBLIC "-//W3C//DTD XHTML 1.0 Transitional//EN"
    "http://www.w3.org/TR/xhtml1/DTD/xhtml1-transitional.dtd">
<html xmlns="http://www.w3.org/1999/xhtml" xml:lang="en" lang="en">
 <head>
  <title>
</title>
<meta http-equiv="Content-Type" content="text/html;charset=utf-8" />
  <meta name='ocr-system' content='tesseract 3.04.00' />
  <meta name='ocr-capabilities' content='ocr_page ocr_carea ocr_par ocr_line ocrx_word'/>
</head>
<body>
  <div class='ocr_page' id='page_1' title='image "./corneliinepotis04nepogoog_0047.png"; bbox 0 0 2812 4786; ppageno 0'>
   <div class='ocr_carea' id='block_1_1' title="bbox 134 113 841 179">
    <p class='ocr_par' dir='ltr' id='par_1_1' title="bbox 134 113 841 179">
     <span class='ocr_line' id='line_1_1' title="bbox 134 113 841 179; baseline -0.003 -8"><span class='ocrx_word' id='word_1_1' title='bbox 134 114 178 179; x_wconf 82' lang='grc'><strong>34</strong></span> <span class='ocrx_word' id='word_1_2' title='bbox 592 113 626 170; x_wconf 70' lang='lat' dir='ltr'>X</span> <span class='ocrx_word' id='word_1_3' title='bbox 654 113 751 170; x_wconf 87' lang='lat' dir='ltr'><strong>DION.</strong></span> <span class='ocrx_word' id='word_1_4' title='bbox 775 120 800 170; x_wconf 81' lang='lat'><strong>4.</strong></span> <span class='ocrx_word' id='word_1_5' title='bbox 816 119 841 169; x_wconf 83' lang='lat' dir='ltr'><strong>t.</strong></span> 
     </span>
    </p>
   </div>
   <div class='ocr_carea' id='block_1_2' title="bbox 27 277 1311 3470">
    <p class='ocr_par' dir='ltr' id='par_1_2' title="bbox 133 277 1311 434">
     <span class='ocr_line' id='line_1_2' title="bbox 133 277 1311 364; baseline 0.001 -21"><span class='ocrx_word' id='word_1_6' title='bbox 133 280 174 344; x_wconf 93' lang='lat' dir='ltr'><strong>ab</strong></span> <span class='ocrx_word' id='word_1_7' title='bbox 193 279 255 344; x_wconf 88' lang='lat' dir='ltr'><strong>hac</strong></span> <span class='ocrx_word' id='word_1_8' title='bbox 269 280 440 345; x_wconf 89' lang='lat' dir='ltr'><strong>voluntate</strong></span> <span class='ocrx_word' id='word_1_9' title='bbox 460 277 590 343; x_wconf 76' lang='lat' dir='ltr'><strong>Philisti</strong></span> <span class='ocrx_word' id='word_1_10' title='bbox 608 278 744 344; x_wconf 91' lang='lat' dir='ltr'><strong>consilio</strong></span> <span class='ocrx_word' id='word_1_11' title='bbox 764 278 936 344; x_wconf 88' lang='lat' dir='ltr'><strong>deterritus</strong></span> <span class='ocrx_word' id='word_1_12' title='bbox 954 278 1123 364; x_wconf 89' lang='lat' dir='ltr'><strong>aliquanto</strong></span> <span class='ocrx_word' id='word_1_13' title='bbox 1143 278 1311 346; x_wconf 79' lang='lat' dir='ltr'><strong>crudelior</strong></span> 
     </span>
     <span class='ocr_line' id='line_1_3' title="bbox 133 369 340 434; baseline -0.01 0"><span class='ocrx_word' id='word_1_14' title='bbox 133 390 203 434; x_wconf 90' lang='lat' dir='ltr'><strong>esse</strong></span> <span class='ocrx_word' id='word_1_15' title='bbox 227 389 281 432; x_wconf 92' lang='lat' dir='ltr'><strong>coe</strong></span> <span class='ocrx_word' id='word_1_16' title='bbox 304 369 340 433; x_wconf 92' lang='lat' dir='ltr'><strong>it.</strong></span> 
     </span>
    </p>

    <p class='ocr_par' dir='ltr' id='par_1_3' title="bbox 98 391 1307 898">
     <span class='ocr_line' id='line_1_4' title="bbox 98 391 1307 542; baseline -0.002 -18"><span class='ocrx_word' id='word_1_17' title='bbox 98 476 113 524; x_wconf 91' lang='lat'>1</span> <span class='ocrx_word' id='word_1_18' title='bbox 221 391 368 533; x_wconf 78' lang='lat' dir='ltr'><strong>IV.pQui</strong></span> <span class='ocrx_word' id='word_1_19' title='bbox 388 455 517 540; x_wconf 90' lang='lat' dir='ltr'><strong>quidem</strong></span> <span class='ocrx_word' id='word_1_20' title='bbox 535 477 609 520; x_wconf 89' lang='lat' dir='ltr'><strong>curn</strong></span> <span class='ocrx_word' id='word_1_21' title='bbox 633 478 652 520; x_wconf 93' lang='lat' dir='ltr'><strong>a</strong></span> <span class='ocrx_word' id='word_1_22' title='bbox 670 455 773 520; x_wconf 91' lang='lat' dir='ltr'><strong>Dione</strong></span> <span class='ocrx_word' id='word_1_23' title='bbox 793 479 826 521; x_wconf 89' lang='lat' dir='ltr'><strong>se</strong></span> <span class='ocrx_word' id='word_1_24' title='bbox 850 456 996 538; x_wconf 90' lang='lat' dir='ltr'><strong>superari</strong></span> <span class='ocrx_word' id='word_1_25' title='bbox 1017 456 1139 520; x_wconf 81' lang='lat' dir='ltr'><strong>videret</strong></span> <span class='ocrx_word' id='word_1_26' title='bbox 1162 457 1307 542; x_wconf 91' lang='lat' dir='ltr'><strong>ingenio,</strong></span> 
     </span>
     <span class='ocr_line' id='line_1_5' title="bbox 133 545 1305 631; baseline -0.001 -20"><span class='ocrx_word' id='word_1_27' title='bbox 133 546 341 624; x_wconf 89' lang='lat' dir='ltr'><strong>auctoritate,</strong></span> <span class='ocrx_word' id='word_1_28' title='bbox 364 566 473 609; x_wconf 90' lang='lat' dir='ltr'><strong>amore</strong></span> <span class='ocrx_word' id='word_1_29' title='bbox 495 545 621 629; x_wconf 89' lang='lat' dir='ltr'><strong>populi,</strong></span> <span class='ocrx_word' id='word_1_30' title='bbox 644 545 765 609; x_wconf 89' lang='lat' dir='ltr'><strong>veritus</strong></span> <span class='ocrx_word' id='word_1_31' title='bbox 788 565 842 628; x_wconf 93' lang='lat' dir='ltr'><strong>ne,</strong></span> <span class='ocrx_word' id='word_1_32' title='bbox 870 547 899 608; x_wconf 91' lang='lat' dir='ltr'><strong>si</strong></span> <span class='ocrx_word' id='word_1_33' title='bbox 927 565 999 608; x_wconf 93' lang='lat' dir='ltr'><strong>eum</strong></span> <span class='ocrx_word' id='word_1_34' title='bbox 1022 565 1131 610; x_wconf 89' lang='lat' dir='ltr'><strong>secum</strong></span> <span class='ocrx_word' id='word_1_35' title='bbox 1158 545 1305 631; x_wconf 90' lang='lat' dir='ltr'><strong>haberet,</strong></span> 
     </span>
     <span class='ocr_line' id='line_1_6' title="bbox 133 632 1304 718; baseline 0.002 -20"><span class='ocrx_word' id='word_1_36' title='bbox 133 634 277 718; x_wconf 90' lang='lat' dir='ltr'><strong>aliquam</strong></span> <span class='ocrx_word' id='word_1_37' title='bbox 306 634 506 699; x_wconf 80' lang='lat' dir='ltr'><strong>occasionem</strong></span> <span class='ocrx_word' id='word_1_38' title='bbox 534 633 584 698; x_wconf 90' lang='lat' dir='ltr'><strong>sui</strong></span> <span class='ocrx_word' id='word_1_39' title='bbox 612 632 947 717; x_wconf 85' lang='lat' dir='ltr'><strong>daretopprirnendi,</strong></span> <span class='ocrx_word' id='word_1_40' title='bbox 974 654 1089 699; x_wconf 87' lang='lat' dir='ltr'><strong>navem</strong></span> <span class='ocrx_word' id='word_1_41' title='bbox 1112 634 1141 699; x_wconf 96' lang='lat' dir='ltr'><strong>ei</strong></span> <span class='ocrx_word' id='word_1_42' title='bbox 1165 636 1208 715; x_wconf 91' lang='lat' dir='ltr'><strong>[a.</strong></span> <span class='ocrx_word' id='word_1_43' title='bbox 1224 635 1304 716; x_wconf 83' lang='lat'><strong>366]</strong></span> 
     </span>
     <span class='ocr_line' id='line_1_7' title="bbox 134 719 1303 809; baseline 0 -21"><span class='ocrx_word' id='word_1_44' title='bbox 134 723 231 806; x_wconf 91' lang='lat' dir='ltr'><strong>dedit,</strong></span> <span class='ocrx_word' id='word_1_45' title='bbox 254 745 318 806; x_wconf 88' lang='lat' dir='ltr'><strong>qua</strong></span> <span class='ocrx_word' id='word_1_46' title='bbox 336 719 574 809; x_wconf 67' lang='lat' dir='ltr'><strong>corinthumfl)</strong></span> <span class='ocrx_word' id='word_1_47' title='bbox 598 722 815 806; x_wconf 80' lang='lat' dir='ltr'>deveheretur,</span> <span class='ocrx_word' id='word_1_48' title='bbox 838 721 1044 806; x_wconf 71' lang='lat' dir='ltr'><strong>ostenditque</strong></span> <span class='ocrx_word' id='word_1_49' title='bbox 1068 743 1101 786; x_wconf 90' lang='lat' dir='ltr'><strong>se</strong></span> <span class='ocrx_word' id='word_1_50' title='bbox 1125 722 1158 787; x_wconf 91' lang='lat' dir='ltr'><strong>id</strong></span> <span class='ocrx_word' id='word_1_51' title='bbox 1182 725 1303 788; x_wconf 90' lang='lat' dir='ltr'><strong>utrius·</strong></span> 
     </span>
     <span class='ocr_line' id='line_1_8' title="bbox 134 807 1302 898; baseline 0.002 -23"><span class='ocrx_word' id='word_1_52' title='bbox 134 833 196 896; x_wconf 90' lang='lat' dir='ltr'><strong>que</strong></span> <span class='ocrx_word' id='word_1_53' title='bbox 214 811 321 876; x_wconf 88' lang='lat' dir='ltr'><strong>facere</strong></span> <span class='ocrx_word' id='word_1_54' title='bbox 335 833 441 896; x_wconf 87' lang='lat' dir='ltr'><strong>causa,</strong></span> <span class='ocrx_word' id='word_1_55' title='bbox 459 833 509 895; x_wconf 93' lang='lat' dir='ltr'><strong>ne,</strong></span> <span class='ocrx_word' id='word_1_56' title='bbox 527 833 599 876; x_wconf 91' lang='lat' dir='ltr'><strong>cnm</strong></span> <span class='ocrx_word' id='word_1_57' title='bbox 613 812 699 876; x_wconf 92' lang='lat' dir='ltr'><strong>inter</strong></span> <span class='ocrx_word' id='word_1_58' title='bbox 713 832 747 876; x_wconf 86' lang='lat' dir='ltr'><strong>se</strong></span> <span class='ocrx_word' id='word_1_59' title='bbox 765 813 925 890; x_wconf 86' lang='lat' dir='ltr'><strong>timerent,</strong></span> <span class='ocrx_word' id='word_1_60' title='bbox 944 811 1097 876; x_wconf 90' lang='lat' dir='ltr'><strong>alteruter</strong></span> <span class='ocrx_word' id='word_1_61' title='bbox 1104 807 1142 898; x_wconf 84' lang='grc'><strong>18)</strong></span> <span class='ocrx_word' id='word_1_62' title='bbox 1161 811 1302 877; x_wconf 84' lang='lat' dir='ltr'><strong>alterum</strong></span> 
     </span>
    </p>

    <p class='ocr_par' dir='ltr' id='par_1_4' title="bbox 97 899 1304 1251">
     <span class='ocr_line' id='line_1_9' title="bbox 97 899 1302 985; baseline -0.002 -17"><span class='ocrx_word' id='word_1_63' title='bbox 97 903 392 984; x_wconf 83' lang='lat' dir='ltr'><strong>apraeoccuparet.</strong></span> <span class='ocrx_word' id='word_1_64' title='bbox 436 900 474 965; x_wconf 92' lang='lat' dir='ltr'><strong>ld</strong></span> <span class='ocrx_word' id='word_1_65' title='bbox 507 923 579 966; x_wconf 89' lang='lat' dir='ltr'><strong>cum</strong></span> <span class='ocrx_word' id='word_1_66' title='bbox 612 901 705 965; x_wconf 89' lang='lat' dir='ltr'><strong>multi</strong></span> <span class='ocrx_word' id='word_1_67' title='bbox 737 899 983 984; x_wconf 75' lang='lat' dir='ltr'><strong>indignarentur</strong></span> <span class='ocrx_word' id='word_1_68' title='bbox 1015 921 1220 985; x_wconf 81' lang='lat' dir='ltr'><strong>magnaeque</strong></span> <span class='ocrx_word' id='word_1_69' title='bbox 1251 923 1302 966; x_wconf 90' lang='lat' dir='ltr'><strong>res</strong></span> 
     </span>
     <span class='ocr_line' id='line_1_10' title="bbox 133 988 1304 1074; baseline 0.001 -20"><span class='ocrx_word' id='word_1_70' title='bbox 133 993 219 1054; x_wconf 91' lang='lat' dir='ltr'><strong>esset</strong></span> <span class='ocrx_word' id='word_1_71' title='bbox 237 989 377 1054; x_wconf 85' lang='lat' dir='ltr'><strong>invidiae</strong></span> <span class='ocrx_word' id='word_1_72' title='bbox 394 992 545 1074; x_wconf 85' lang='lat' dir='ltr'><strong>tyranno,</strong></span> <span class='ocrx_word' id='word_1_73' title='bbox 563 988 741 1073; x_wconf 87' lang='lat' dir='ltr'><strong>Dionysius</strong></span> <span class='ocrx_word' id='word_1_74' title='bbox 760 988 879 1071; x_wconf 91' lang='lat' dir='ltr'><strong>omnia,</strong></span> <span class='ocrx_word' id='word_1_75' title='bbox 903 1011 985 1074; x_wconf 88' lang='lat' dir='ltr'><strong>quae</strong></span> <span class='ocrx_word' id='word_1_76' title='bbox 1003 990 1127 1054; x_wconf 85' lang='lat' dir='ltr'><strong>moveri</strong></span> <span class='ocrx_word' id='word_1_77' title='bbox 1149 993 1304 1073; x_wconf 88' lang='lat' dir='ltr'><strong>poterant</strong></span> 
     </span>
     <span class='ocr_line' id='line_1_11' title="bbox 132 1076 1304 1163; baseline 0.001 -21"><span class='ocrx_word' id='word_1_78' title='bbox 132 1078 258 1163; x_wconf 90' lang='lat' dir='ltr'><strong>Dionis,</strong></span> <span class='ocrx_word' id='word_1_79' title='bbox 279 1079 314 1142; x_wconf 91' lang='lat' dir='ltr'><strong>in</strong></span> <span class='ocrx_word' id='word_1_80' title='bbox 336 1099 437 1145; x_wconf 85' lang='lat' dir='ltr'><strong>nares</strong></span> <span class='ocrx_word' id='word_1_81' title='bbox 459 1077 616 1163; x_wconf 89' lang='lat' dir='ltr'><strong>imposuit</strong></span> <span class='ocrx_word' id='word_1_82' title='bbox 638 1077 678 1142; x_wconf 93' lang='lat' dir='ltr'><strong>ad</strong></span> <span class='ocrx_word' id='word_1_83' title='bbox 702 1099 838 1162; x_wconf 90' lang='lat' dir='ltr'><strong>eumque</strong></span> <span class='ocrx_word' id='word_1_84' title='bbox 861 1078 960 1143; x_wconf 91' lang='lat' dir='ltr'><strong>misit.</strong></span> <span class='ocrx_word' id='word_1_85' title='bbox 1006 1076 1058 1143; x_wconf 88' lang='lat' dir='ltr'><strong>Sic</strong></span> <span class='ocrx_word' id='word_1_86' title='bbox 1082 1078 1169 1141; x_wconf 89' lang='lat' dir='ltr'><strong>enirn</strong></span> <span class='ocrx_word' id='word_1_87' title='bbox 1192 1079 1304 1143; x_wconf 83' lang='lat' dir='ltr'><strong>existi·</strong></span> 
     </span>
     <span class='ocr_line' id='line_1_12' title="bbox 133 1165 1303 1251; baseline 0.002 -20"><span class='ocrx_word' id='word_1_88' title='bbox 133 1167 216 1232; x_wconf 90' lang='lat' dir='ltr'><strong>mari</strong></span> <span class='ocrx_word' id='word_1_89' title='bbox 239 1167 380 1251; x_wconf 88' lang='lat' dir='ltr'><strong>volebat,</strong></span> <span class='ocrx_word' id='word_1_90' title='bbox 402 1168 435 1232; x_wconf 93' lang='lat' dir='ltr'><strong>id</strong></span> <span class='ocrx_word' id='word_1_91' title='bbox 459 1188 492 1231; x_wconf 92' lang='lat' dir='ltr'><strong>se</strong></span> <span class='ocrx_word' id='word_1_92' title='bbox 516 1188 581 1231; x_wconf 93' lang='lat' dir='ltr'><strong>non</strong></span> <span class='ocrx_word' id='word_1_93' title='bbox 599 1166 673 1232; x_wconf 93' lang='lat' dir='ltr'><strong>odio</strong></span> <span class='ocrx_word' id='word_1_94' title='bbox 695 1165 848 1250; x_wconf 89' lang='lat' dir='ltr'><strong>hominis,</strong></span> <span class='ocrx_word' id='word_1_95' title='bbox 871 1166 925 1230; x_wconf 91' lang='lat' dir='ltr'><strong>sed</strong></span> <span class='ocrx_word' id='word_1_96' title='bbox 946 1188 1022 1231; x_wconf 90' lang='lat' dir='ltr'><strong>suae</strong></span> <span class='ocrx_word' id='word_1_97' title='bbox 1046 1167 1161 1230; x_wconf 90' lang='lat' dir='ltr'><strong>salutis</strong></span> <span class='ocrx_word' id='word_1_98' title='bbox 1185 1167 1303 1233; x_wconf 86' lang='lat' dir='ltr'><strong>fecisse</strong></span> 
     </span>
    </p>

    <p class='ocr_par' dir='ltr' id='par_1_5' title="bbox 97 1253 1306 1517">
     <span class='ocr_line' id='line_1_13' title="bbox 97 1253 1304 1341; baseline -0.004 -16"><span class='ocrx_word' id='word_1_99' title='bbox 97 1276 113 1325; x_wconf 85' lang='lat'><strong>3</strong></span> <span class='ocrx_word' id='word_1_100' title='bbox 132 1277 238 1322; x_wconf 86' lang='lat' dir='ltr'><strong>causa.</strong></span> <span class='ocrx_word' id='word_1_101' title='bbox 275 1256 394 1322; x_wconf 90' lang='lat' dir='ltr'><strong>Postea</strong></span> <span class='ocrx_word' id='word_1_102' title='bbox 417 1277 493 1321; x_wconf 89' lang='lat' dir='ltr'><strong>vero</strong></span> <span class='ocrx_word' id='word_1_103' title='bbox 517 1277 613 1341; x_wconf 90' lang='lat' dir='ltr'><strong>quam</strong></span> <span class='ocrx_word' id='word_1_104' title='bbox 637 1253 803 1340; x_wconf 73' lang='lat' dir='ltr'><strong>audivit19)</strong></span> <span class='ocrx_word' id='word_1_105' title='bbox 827 1256 958 1319; x_wconf 87' lang='lat' dir='ltr'><strong>eumin</strong></span> <span class='ocrx_word' id='word_1_106' title='bbox 982 1254 1206 1338; x_wconf 87' lang='lat' dir='ltr'><strong>Peloponneso</strong></span> <span class='ocrx_word' id='word_1_107' title='bbox 1238 1258 1304 1320; x_wconf 79' lang='grc'><strong>116-</strong></span> 
     </span>
     <span class='ocr_line' id='line_1_14' title="bbox 130 1342 1306 1429; baseline 0.002 -21"><span class='ocrx_word' id='word_1_108' title='bbox 130 1366 208 1409; x_wconf 89' lang='lat' dir='ltr'><strong>num</strong></span> <span class='ocrx_word' id='word_1_109' title='bbox 232 1365 420 1428; x_wconf 90' lang='lat' dir='ltr'><strong>comparare</strong></span> <span class='ocrx_word' id='word_1_110' title='bbox 444 1344 568 1429; x_wconf 91' lang='lat' dir='ltr'><strong>sibique</strong></span> <span class='ocrx_word' id='word_1_111' title='bbox 592 1343 713 1408; x_wconf 86' lang='lat' dir='ltr'><strong>bellurn</strong></span> <span class='ocrx_word' id='word_1_112' title='bbox 736 1343 842 1409; x_wconf 85' lang='lat' dir='ltr'><strong>facere</strong></span> <span class='ocrx_word' id='word_1_113' title='bbox 865 1344 985 1428; x_wconf 88' lang='lat' dir='ltr'><strong>conari,</strong></span> <span class='ocrx_word' id='word_1_114' title='bbox 1009 1342 1141 1424; x_wconf 84' lang='lat' dir='ltr'><strong>Areten,</strong></span> <span class='ocrx_word' id='word_1_115' title='bbox 1166 1347 1209 1425; x_wconf 88' lang='lat' dir='ltr'><strong>[a.</strong></span> <span class='ocrx_word' id='word_1_116' title='bbox 1221 1345 1306 1427; x_wconf 82' lang='lat'>360]</span> 
     </span>
     <span class='ocr_line' id='line_1_15' title="bbox 132 1432 1306 1517; baseline 0 -20"><span class='ocrx_word' id='word_1_117' title='bbox 132 1433 248 1498; x_wconf 90' lang='lat' dir='ltr'><strong>Dionis</strong></span> <span class='ocrx_word' id='word_1_118' title='bbox 276 1454 422 1511; x_wconf 84' lang='lat' dir='ltr'><strong>uxorem,</strong></span> <span class='ocrx_word' id='word_1_119' title='bbox 451 1433 507 1497; x_wconf 92' lang='lat' dir='ltr'><strong>alii</strong></span> <span class='ocrx_word' id='word_1_120' title='bbox 533 1437 671 1516; x_wconf 89' lang='lat' dir='ltr'><strong>nuptum</strong></span> <span class='ocrx_word' id='word_1_121' title='bbox 700 1432 787 1497; x_wconf 93' lang='lat' dir='ltr'><strong>dedit</strong></span> <span class='ocrx_word' id='word_1_122' title='bbox 809 1433 974 1517; x_wconf 88' lang='lat' dir='ltr'><strong>filiumque</strong></span> <span class='ocrx_word' id='word_1_123' title='bbox 998 1433 1068 1497; x_wconf 89' lang='lat' dir='ltr'><strong>eius</strong></span> <span class='ocrx_word' id='word_1_124' title='bbox 1096 1433 1143 1496; x_wconf 88' lang='lat' dir='ltr'><strong>sic</strong></span> <span class='ocrx_word' id='word_1_125' title='bbox 1171 1433 1306 1498; x_wconf 89' lang='lat' dir='ltr'><strong>educari</strong></span> 
     </span>
    </p>

    <p class='ocr_par' dir='ltr' id='par_1_6' title="bbox 95 1521 1306 1695">
     <span class='ocr_line' id='line_1_16' title="bbox 95 1521 1306 1607; baseline 0 -20"><span class='ocrx_word' id='word_1_126' title='bbox 95 1541 113 1589; x_wconf 85' lang='lat'>4</span> <span class='ocrx_word' id='word_1_127' title='bbox 132 1522 239 1605; x_wconf 90' lang='lat' dir='ltr'><strong>iussit,</strong></span> <span class='ocrx_word' id='word_1_128' title='bbox 257 1525 295 1586; x_wconf 90' lang='lat' dir='ltr'><strong>nt</strong></span> <span class='ocrx_word' id='word_1_129' title='bbox 308 1521 504 1607; x_wconf 90' lang='lat' dir='ltr'><strong>indulgendo</strong></span> <span class='ocrx_word' id='word_1_130' title='bbox 519 1522 715 1605; x_wconf 86' lang='lat' dir='ltr'><strong>turpissimis</strong></span> <span class='ocrx_word' id='word_1_131' title='bbox 734 1522 933 1587; x_wconf 89' lang='lat' dir='ltr'><strong>imbueretur</strong></span> <span class='ocrx_word' id='word_1_132' title='bbox 947 1521 1185 1606; x_wconf 87' lang='lat' dir='ltr'><strong>cupiditatibus.</strong></span> <span class='ocrx_word' id='word_1_133' title='bbox 1214 1521 1306 1587; x_wconf 89' lang='lat' dir='ltr'><strong>Nam</strong></span> 
     </span>
     <span class='ocr_line' id='line_1_17' title="bbox 131 1610 1304 1695; baseline 0.003 -21"><span class='ocrx_word' id='word_1_134' title='bbox 131 1632 242 1694; x_wconf 91' lang='lat' dir='ltr'><strong>puero,</strong></span> <span class='ocrx_word' id='word_1_135' title='bbox 264 1610 356 1694; x_wconf 90' lang='lat' dir='ltr'><strong>prius</strong></span> <span class='ocrx_word' id='word_1_136' title='bbox 381 1633 476 1694; x_wconf 92' lang='lat' dir='ltr'><strong>quam</strong></span> <span class='ocrx_word' id='word_1_137' title='bbox 503 1611 605 1694; x_wconf 89' lang='lat' dir='ltr'><strong>pubes</strong></span> <span class='ocrx_word' id='word_1_138' title='bbox 635 1613 734 1695; x_wconf 89' lang='lat' dir='ltr'><strong>esset,</strong></span> <span class='ocrx_word' id='word_1_139' title='bbox 760 1610 913 1675; x_wconf 91' lang='lat' dir='ltr'><strong>mulieres</strong></span> <span class='ocrx_word' id='word_1_140' title='bbox 941 1610 1195 1694; x_wconf 88' lang='lat' dir='ltr'><strong>adducebantur,</strong></span> <span class='ocrx_word' id='word_1_141' title='bbox 1224 1611 1304 1677; x_wconf 82' lang='lat' dir='ltr'><strong>rino</strong></span> 
     </span>
    </p>

    <p class='ocr_par' dir='ltr' id='par_1_7' title="bbox 47 1692 1306 1786">
     <span class='ocr_line' id='line_1_18' title="bbox 47 1692 1306 1786; baseline 0.001 -23"><span class='ocrx_word' id='word_1_142' title='bbox 47 1692 54 1707; x_wconf 82' lang='lat'>&#39;</span> <span class='ocrx_word' id='word_1_143' title='bbox 132 1701 300 1786; x_wconf 87' lang='lat' dir='ltr'><strong>epulisque</strong></span> <span class='ocrx_word' id='word_1_144' title='bbox 333 1701 544 1783; x_wconf 89' lang='lat' dir='ltr'><strong>obruebatur,</strong></span> <span class='ocrx_word' id='word_1_145' title='bbox 571 1721 675 1784; x_wconf 91' lang='lat' dir='ltr'><strong>neque</strong></span> <span class='ocrx_word' id='word_1_146' title='bbox 708 1700 806 1764; x_wconf 89' lang='lat' dir='ltr'><strong>ullum</strong></span> <span class='ocrx_word' id='word_1_147' title='bbox 840 1704 968 1782; x_wconf 89' lang='lat' dir='ltr'><strong>tempus</strong></span> <span class='ocrx_word' id='word_1_148' title='bbox 1000 1699 1109 1764; x_wconf 91' lang='lat' dir='ltr'><strong>sobrio</strong></span> <span class='ocrx_word' id='word_1_149' title='bbox 1141 1698 1306 1784; x_wconf 90' lang='lat' dir='ltr'><strong>relinque-</strong></span> 
     </span>
    </p>

    <p class='ocr_par' dir='ltr' id='par_1_8' title="bbox 95 1788 1306 2050">
     <span class='ocr_line' id='line_1_19' title="bbox 95 1788 1306 1874; baseline -0.002 -17"><span class='ocrx_word' id='word_1_150' title='bbox 95 1789 237 1857; x_wconf 79' lang='lat' dir='ltr'><strong>obatur.</strong></span> <span class='ocrx_word' id='word_1_151' title='bbox 281 1788 328 1869; x_wconf 87' lang='lat' dir='ltr'><strong>Is,</strong></span> <span class='ocrx_word' id='word_1_152' title='bbox 351 1793 524 1874; x_wconf 88' lang='lat' dir='ltr'><strong>postquam</strong></span> <span class='ocrx_word' id='word_1_153' title='bbox 548 1789 583 1852; x_wconf 92' lang='lat' dir='ltr'><strong>in</strong></span> <span class='ocrx_word' id='word_1_154' title='bbox 608 1790 750 1873; x_wconf 88' lang='lat' dir='ltr'><strong>patriam</strong></span> <span class='ocrx_word' id='word_1_155' title='bbox 773 1788 869 1852; x_wconf 90' lang='lat' dir='ltr'><strong>rediit</strong></span> <span class='ocrx_word' id='word_1_156' title='bbox 892 1790 1000 1872; x_wconf 89' lang='lat' dir='ltr'><strong>pater,</strong></span> <span class='ocrx_word' id='word_1_157' title='bbox 1027 1809 1128 1871; x_wconf 87' lang='lat' dir='ltr'><strong>usqne</strong></span> <span class='ocrx_word' id='word_1_158' title='bbox 1151 1809 1188 1853; x_wconf 92' lang='lat' dir='ltr'><strong>eo</strong></span> <span class='ocrx_word' id='word_1_159' title='bbox 1215 1791 1306 1854; x_wconf 83' lang='lat' dir='ltr'><strong>ritae</strong></span> 
     </span>
     <span class='ocr_line' id='line_1_20' title="bbox 131 1873 1304 1963; baseline 0 -21"><span class='ocrx_word' id='word_1_160' title='bbox 131 1881 253 1942; x_wconf 86' lang='lat' dir='ltr'><strong>statum</strong></span> <span class='ocrx_word' id='word_1_161' title='bbox 277 1882 511 1944; x_wconf 87' lang='lat' dir='ltr'><strong>commutatum</strong></span> <span class='ocrx_word' id='word_1_162' title='bbox 533 1877 616 1941; x_wconf 91' lang='lat' dir='ltr'><strong>ferre</strong></span> <span class='ocrx_word' id='word_1_163' title='bbox 640 1899 704 1942; x_wconf 92' lang='lat' dir='ltr'><strong>non</strong></span> <span class='ocrx_word' id='word_1_164' title='bbox 731 1877 837 1961; x_wconf 90' lang='lat' dir='ltr'><strong>potuit</strong></span> <span class='ocrx_word' id='word_1_165' title='bbox 865 1873 1018 1963; x_wconf 87' lang='lat' dir='ltr'><strong>(namque</strong></span> <span class='ocrx_word' id='word_1_166' title='bbox 1040 1876 1181 1960; x_wconf 89' lang='lat' dir='ltr'><strong>appositi</strong></span> <span class='ocrx_word' id='word_1_167' title='bbox 1206 1881 1304 1942; x_wconf 89' lang='lat' dir='ltr'><strong>erant</strong></span> 
     </span>
     <span class='ocr_line' id='line_1_21' title="bbox 131 1963 1305 2050; baseline 0.001 -20"><span class='ocrx_word' id='word_1_168' title='bbox 131 1965 293 2050; x_wconf 88' lang='lat' dir='ltr'><strong>custodes,</strong></span> <span class='ocrx_word' id='word_1_169' title='bbox 326 1969 381 2050; x_wconf 92' lang='lat' dir='ltr'><strong>qui</strong></span> <span class='ocrx_word' id='word_1_170' title='bbox 413 1988 486 2031; x_wconf 94' lang='lat' dir='ltr'><strong>eum</strong></span> <span class='ocrx_word' id='word_1_171' title='bbox 520 1987 539 2029; x_wconf 94' lang='lat' dir='ltr'><strong>a</strong></span> <span class='ocrx_word' id='word_1_172' title='bbox 569 1967 709 2049; x_wconf 92' lang='lat' dir='ltr'><strong>pristino</strong></span> <span class='ocrx_word' id='word_1_173' title='bbox 742 1967 830 2030; x_wconf 88' lang='lat' dir='ltr'><strong>victu</strong></span> <span class='ocrx_word' id='word_1_174' title='bbox 867 1963 1089 2050; x_wconf 90' lang='lat' dir='ltr'><strong>deducerent),</strong></span> <span class='ocrx_word' id='word_1_175' title='bbox 1121 1969 1157 2029; x_wconf 90' lang='lat' dir='ltr'><strong>ut</strong></span> <span class='ocrx_word' id='word_1_176' title='bbox 1190 1987 1226 2030; x_wconf 87' lang='lat' dir='ltr'><strong>se</strong></span> <span class='ocrx_word' id='word_1_177' title='bbox 1263 1965 1305 2031; x_wconf 93' lang='lat' dir='ltr'><strong>de</strong></span> 
     </span>
    </p>

    <p class='ocr_par' dir='ltr' id='par_1_9' title="bbox 27 2051 1306 2208">
     <span class='ocr_line' id='line_1_22' title="bbox 27 2051 1306 2138; baseline 0.002 -21"><span class='ocrx_word' id='word_1_178' title='bbox 27 2106 31 2111; x_wconf 79' lang='grc'><em>.</em></span> <span class='ocrx_word' id='word_1_179' title='bbox 131 2056 294 2137; x_wconf 90' lang='lat' dir='ltr'><strong>superiore</strong></span> <span class='ocrx_word' id='word_1_180' title='bbox 317 2059 411 2138; x_wconf 91' lang='lat' dir='ltr'><strong>parte</strong></span> <span class='ocrx_word' id='word_1_181' title='bbox 434 2054 562 2119; x_wconf 83' lang='lat' dir='ltr'><strong>aedium</strong></span> <span class='ocrx_word' id='word_1_182' title='bbox 585 2054 725 2119; x_wconf 88' lang='lat' dir='ltr'><strong>deiceret</strong></span> <span class='ocrx_word' id='word_1_183' title='bbox 753 2057 848 2137; x_wconf 90' lang='lat' dir='ltr'><strong>atque</strong></span> <span class='ocrx_word' id='word_1_184' title='bbox 871 2054 919 2118; x_wconf 91' lang='lat' dir='ltr'><strong>ita</strong></span> <span class='ocrx_word' id='word_1_185' title='bbox 941 2055 1096 2118; x_wconf 90' lang='lat' dir='ltr'><strong>interiret.</strong></span> <span class='ocrx_word' id='word_1_186' title='bbox 1135 2051 1198 2118; x_wconf 84' lang='lat' dir='ltr'><strong>Sed</strong></span> <span class='ocrx_word' id='word_1_187' title='bbox 1224 2055 1306 2120; x_wconf 89' lang='lat' dir='ltr'><strong>illuc</strong></span> 
     </span>
     <span class='ocr_line' id='line_1_23' title="bbox 129 2149 281 2208; baseline 0.013 -2"><span class='ocrx_word' id='word_1_188' title='bbox 129 2149 281 2208; x_wconf 88' lang='lat' dir='ltr'><strong>revertor.</strong></span> 
     </span>
    </p>

    <p class='ocr_par' dir='ltr' id='par_1_10' title="bbox 95 2228 1305 2495">
     <span class='ocr_line' id='line_1_24' title="bbox 95 2228 1305 2316; baseline -0.002 -18"><span class='ocrx_word' id='word_1_189' title='bbox 95 2251 108 2298; x_wconf 93' lang='lat'>1</span> <span class='ocrx_word' id='word_1_190' title='bbox 217 2230 257 2298; x_wconf 90' lang='lat' dir='ltr'><strong>V.</strong></span> <span class='ocrx_word' id='word_1_191' title='bbox 295 2231 472 2315; x_wconf 87' lang='lat' dir='ltr'><strong>Postquam</strong></span> <span class='ocrx_word' id='word_1_192' title='bbox 496 2228 689 2296; x_wconf 77' lang='lat' dir='ltr'><strong>Corinthum</strong></span> <span class='ocrx_word' id='word_1_193' title='bbox 710 2229 905 2316; x_wconf 80' lang='lat' dir='ltr'><strong>pervenit²⁰)</strong></span> <span class='ocrx_word' id='word_1_194' title='bbox 927 2229 1014 2295; x_wconf 92' lang='lat' dir='ltr'><strong>Dion</strong></span> <span class='ocrx_word' id='word_1_195' title='bbox 1038 2233 1070 2294; x_wconf 91' lang='lat' dir='ltr'><strong>et</strong></span> <span class='ocrx_word' id='word_1_196' title='bbox 1093 2230 1205 2296; x_wconf 91' lang='lat' dir='ltr'><strong>eodem</strong></span> <span class='ocrx_word' id='word_1_197' title='bbox 1229 2253 1305 2314; x_wconf 91' lang='lat' dir='ltr'><strong>per·</strong></span> 
     </span>
     <span class='ocr_line' id='line_1_25' title="bbox 128 2319 1305 2405; baseline 0.003 -22"><span class='ocrx_word' id='word_1_198' title='bbox 128 2319 213 2405; x_wconf 84' lang='lat' dir='ltr'><strong>fugit</strong></span> <span class='ocrx_word' id='word_1_199' title='bbox 241 2321 282 2385; x_wconf 88' lang='lat' dir='ltr'><strong>ab</strong></span> <span class='ocrx_word' id='word_1_200' title='bbox 308 2320 423 2385; x_wconf 90' lang='lat' dir='ltr'><strong>eodem·</strong></span> <span class='ocrx_word' id='word_1_201' title='bbox 442 2319 601 2403; x_wconf 93' lang='lat' dir='ltr'><strong>Dionysio</strong></span> <span class='ocrx_word' id='word_1_202' title='bbox 629 2320 781 2404; x_wconf 85' lang='lat' dir='ltr'><strong>expulsus</strong></span> <span class='ocrx_word' id='word_1_203' title='bbox 804 2319 1007 2401; x_wconf 88' lang='lat' dir='ltr'><strong>Heraclides,</strong></span> <span class='ocrx_word' id='word_1_204' title='bbox 1031 2319 1085 2403; x_wconf 89' lang='lat' dir='ltr'><strong>qui</strong></span> <span class='ocrx_word' id='word_1_205' title='bbox 1114 2319 1305 2403; x_wconf 85' lang='lat' dir='ltr'><strong>praefectus</strong></span> 
     </span>
     <span class='ocr_line' id='line_1_26' title="bbox 129 2408 1305 2495; baseline 0 -21"><span class='ocrx_word' id='word_1_206' title='bbox 129 2409 235 2474; x_wconf 84' lang='lat' dir='ltr'><strong>fuerat</strong></span> <span class='ocrx_word' id='word_1_207' title='bbox 267 2411 426 2495; x_wconf 91' lang='lat' dir='ltr'><strong>equitum,</strong></span> <span class='ocrx_word' id='word_1_208' title='bbox 458 2411 547 2474; x_wconf 92' lang='lat' dir='ltr'><strong>omni</strong></span> <span class='ocrx_word' id='word_1_209' title='bbox 578 2408 704 2474; x_wconf 91' lang='lat' dir='ltr'><strong>ratione</strong></span> <span class='ocrx_word' id='word_1_210' title='bbox 737 2410 858 2474; x_wconf 93' lang='lat' dir='ltr'><strong>bellum</strong></span> <span class='ocrx_word' id='word_1_211' title='bbox 890 2428 1076 2491; x_wconf 88' lang='lat' dir='ltr'><strong>comparare</strong></span> <span class='ocrx_word' id='word_1_212' title='bbox 1114 2413 1305 2491; x_wconf 90' lang='lat' dir='ltr'><strong>coeperunt.</strong></span> 
     </span>
    </p>

    <p class='ocr_par' dir='ltr' id='par_1_11' title="bbox 95 2495 1302 2673">
     <span class='ocr_line' id='line_1_27' title="bbox 95 2495 1302 2583; baseline -0.002 -18"><span class='ocrx_word' id='word_1_213' title='bbox 95 2517 110 2565; x_wconf 78' lang='grc'><strong>1</strong></span> <span class='ocrx_word' id='word_1_214' title='bbox 131 2495 193 2562; x_wconf 79' lang='lat' dir='ltr'><strong>sed</strong></span> <span class='ocrx_word' id='word_1_215' title='bbox 212 2521 278 2564; x_wconf 92' lang='lat' dir='ltr'><strong>non</strong></span> <span class='ocrx_word' id='word_1_216' title='bbox 293 2499 432 2563; x_wconf 92' lang='lat' dir='ltr'><strong>multum</strong></span> <span class='ocrx_word' id='word_1_217' title='bbox 446 2498 667 2583; x_wconf 86' lang='lat' dir='ltr'><strong>proficiebant,</strong></span> <span class='ocrx_word' id='word_1_218' title='bbox 679 2500 766 2582; x_wconf 88' lang='lat' dir='ltr'><strong>qnod</strong></span> <span class='ocrx_word' id='word_1_219' title='bbox 785 2499 962 2563; x_wconf 92' lang='lat' dir='ltr'><strong>multorum</strong></span> <span class='ocrx_word' id='word_1_220' title='bbox 979 2518 1136 2561; x_wconf 89' lang='lat' dir='ltr'><strong>annorum</strong></span> <span class='ocrx_word' id='word_1_221' title='bbox 1149 2499 1302 2580; x_wconf 80' lang='lat' dir='ltr'><strong>tyrannis</strong></span> 
     </span>
     <span class='ocr_line' id='line_1_28' title="bbox 129 2585 1301 2673; baseline 0.001 -23"><span class='ocrx_word' id='word_1_222' title='bbox 129 2608 322 2670; x_wconf 87' lang='lat' dir='ltr'><strong>magnarum</strong></span> <span class='ocrx_word' id='word_1_223' title='bbox 342 2609 440 2673; x_wconf 90' lang='lat' dir='ltr'><strong>opum</strong></span> <span class='ocrx_word' id='word_1_224' title='bbox 462 2588 652 2672; x_wconf 88' lang='lat' dir='ltr'><strong>putabatur:</strong></span> <span class='ocrx_word' id='word_1_225' title='bbox 676 2610 773 2671; x_wconf 91' lang='lat' dir='ltr'><strong>quam</strong></span> <span class='ocrx_word' id='word_1_226' title='bbox 797 2587 838 2652; x_wconf 94' lang='lat' dir='ltr'><strong>ob</strong></span> <span class='ocrx_word' id='word_1_227' title='bbox 862 2607 993 2652; x_wconf 88' lang='lat' dir='ltr'><strong>causam</strong></span> <span class='ocrx_word' id='word_1_228' title='bbox 1016 2585 1110 2670; x_wconf 89' lang='lat' dir='ltr'><strong>pauci</strong></span> <span class='ocrx_word' id='word_1_229' title='bbox 1133 2585 1173 2649; x_wconf 89' lang='lat' dir='ltr'><strong>ad</strong></span> <span class='ocrx_word' id='word_1_230' title='bbox 1197 2587 1301 2651; x_wconf 90' lang='lat' dir='ltr'><strong>socie-</strong></span> 
     </span>
    </p>

    <p class='ocr_par' dir='ltr' id='par_1_12' title="bbox 94 2674 1302 3382">
     <span class='ocr_line' id='line_1_29' title="bbox 94 2674 1302 2760; baseline -0.001 -18"><span class='ocrx_word' id='word_1_231' title='bbox 94 2678 231 2743; x_wconf 84' lang='lat' dir='ltr'><strong>etatem</strong></span> <span class='ocrx_word' id='word_1_232' title='bbox 254 2676 389 2759; x_wconf 90' lang='lat' dir='ltr'><strong>periculi</strong></span> <span class='ocrx_word' id='word_1_233' title='bbox 412 2676 678 2760; x_wconf 88' lang='lat' dir='ltr'><strong>perducebantur.</strong></span> <span class='ocrx_word' id='word_1_234' title='bbox 724 2674 786 2740; x_wconf 83' lang='lat' dir='ltr'><strong>Sed</strong></span> <span class='ocrx_word' id='word_1_235' title='bbox 809 2674 909 2758; x_wconf 92' lang='lat' dir='ltr'><strong>Dion,</strong></span> <span class='ocrx_word' id='word_1_236' title='bbox 936 2675 1039 2739; x_wconf 87' lang='lat' dir='ltr'><strong>fretus</strong></span> <span class='ocrx_word' id='word_1_237' title='bbox 1067 2696 1134 2738; x_wconf 92' lang='lat' dir='ltr'><strong>non</strong></span> <span class='ocrx_word' id='word_1_238' title='bbox 1158 2676 1200 2755; x_wconf 89' lang='lat' dir='ltr'><strong>[a.</strong></span> <span class='ocrx_word' id='word_1_239' title='bbox 1215 2675 1302 2758; x_wconf 76' lang='lat'>357]</span> 
     </span>
     <span class='ocr_line' id='line_1_30' title="bbox 128 2762 1299 2848; baseline 0 -20"><span class='ocrx_word' id='word_1_240' title='bbox 128 2767 198 2828; x_wconf 92' lang='lat' dir='ltr'><strong>tarn</strong></span> <span class='ocrx_word' id='word_1_241' title='bbox 227 2765 293 2828; x_wconf 90' lang='lat' dir='ltr'><strong>suis</strong></span> <span class='ocrx_word' id='word_1_242' title='bbox 322 2763 423 2847; x_wconf 91' lang='lat' dir='ltr'><strong>copiis</strong></span> <span class='ocrx_word' id='word_1_243' title='bbox 453 2787 549 2848; x_wconf 91' lang='lat' dir='ltr'><strong>quam</strong></span> <span class='ocrx_word' id='word_1_244' title='bbox 580 2764 653 2829; x_wconf 94' lang='lat' dir='ltr'><strong>odio</strong></span> <span class='ocrx_word' id='word_1_245' title='bbox 684 2765 830 2848; x_wconf 82' lang='lat' dir='ltr'><strong>tyranni,</strong></span> <span class='ocrx_word' id='word_1_246' title='bbox 858 2765 999 2829; x_wconf 88' lang='lat' dir='ltr'><strong>maximo</strong></span> <span class='ocrx_word' id='word_1_247' title='bbox 1031 2763 1139 2827; x_wconf 91' lang='lat' dir='ltr'><strong>animo</strong></span> <span class='ocrx_word' id='word_1_248' title='bbox 1171 2762 1299 2828; x_wconf 90' lang='lat' dir='ltr'><strong>duabus</strong></span> 
     </span>
     <span class='ocr_line' id='line_1_31' title="bbox 128 2852 1299 2937; baseline -0.001 -20"><span class='ocrx_word' id='word_1_249' title='bbox 128 2853 285 2918; x_wconf 89' lang='lat' dir='ltr'><strong>onerariis</strong></span> <span class='ocrx_word' id='word_1_250' title='bbox 313 2852 450 2916; x_wconf 83' lang='lat' dir='ltr'><strong>navibus</strong></span> <span class='ocrx_word' id='word_1_251' title='bbox 479 2853 713 2937; x_wconf 86' lang='lat' dir='ltr'><strong>quinquaginta</strong></span> <span class='ocrx_word' id='word_1_252' title='bbox 741 2874 900 2917; x_wconf 89' lang='lat' dir='ltr'><strong>annorum</strong></span> <span class='ocrx_word' id='word_1_253' title='bbox 927 2852 1112 2936; x_wconf 91' lang='lat' dir='ltr'><strong>imperium,</strong></span> <span class='ocrx_word' id='word_1_254' title='bbox 1135 2852 1299 2916; x_wconf 90' lang='lat' dir='ltr'><strong>munitum</strong></span> 
     </span>
     <span class='ocr_line' id='line_1_32' title="bbox 128 2940 1299 3065; baseline 0.002 -60"><span class='ocrx_word' id='word_1_255' title='bbox 128 2941 374 3065; x_wconf 80' lang='lat' dir='ltr'><strong>quadringentis</strong></span> <span class='ocrx_word' id='word_1_256' title='bbox 387 2941 495 3026; x_wconf 89' lang='lat' dir='ltr'><strong>longis</strong></span> <span class='ocrx_word' id='word_1_257' title='bbox 511 2943 656 3023; x_wconf 85' lang='lat' dir='ltr'><strong>navibus,</strong></span> <span class='ocrx_word' id='word_1_258' title='bbox 666 2940 775 3005; x_wconf 90' lang='lat' dir='ltr'><strong>decern</strong></span> <span class='ocrx_word' id='word_1_259' title='bbox 790 2942 933 3025; x_wconf 89' lang='lat' dir='ltr'><strong>equitum</strong></span> <span class='ocrx_word' id='word_1_260' title='bbox 943 2945 1135 3026; x_wconf 88' lang='lat' dir='ltr'><strong>centumque</strong></span> <span class='ocrx_word' id='word_1_261' title='bbox 1149 2941 1299 3024; x_wconf 89' lang='lat' dir='ltr'><strong>peditum</strong></span> 
     </span>
     <span class='ocr_line' id='line_1_33' title="bbox 129 3027 1301 3118; baseline 0 -24"><span class='ocrx_word' id='word_1_262' title='bbox 129 3030 261 3096; x_wconf 91' lang='lat' dir='ltr'><strong>milibus</strong></span> <span class='ocrx_word' id='word_1_263' title='bbox 281 3027 322 3118; x_wconf 90' lang='lat' dir='ltr'><strong>l),</strong></span> <span class='ocrx_word' id='word_1_264' title='bbox 344 3029 507 3113; x_wconf 88' lang='lat' dir='ltr'><strong>profectus</strong></span> <span class='ocrx_word' id='word_1_265' title='bbox 531 3033 762 3114; x_wconf 86' lang='lat' dir='ltr'><strong>oppugnatum,</strong></span> <span class='ocrx_word' id='word_1_266' title='bbox 785 3031 869 3114; x_wconf 92' lang='lat' dir='ltr'><strong>quod</strong></span> <span class='ocrx_word' id='word_1_267' title='bbox 893 3030 1044 3095; x_wconf 86' lang='lat' dir='ltr'><strong>omnibus</strong></span> <span class='ocrx_word' id='word_1_268' title='bbox 1068 3030 1219 3115; x_wconf 87' lang='lat' dir='ltr'><strong>gentibus</strong></span> <span class='ocrx_word' id='word_1_269' title='bbox 1245 3029 1301 3094; x_wconf 90' lang='lat' dir='ltr'><strong>ad·</strong></span> 
     </span>
     <span class='ocr_line' id='line_1_34' title="bbox 128 3118 1300 3205; baseline -0.003 -20"><span class='ocrx_word' id='word_1_270' title='bbox 128 3120 276 3185; x_wconf 87' lang='lat' dir='ltr'><strong>mirabile</strong></span> <span class='ocrx_word' id='word_1_271' title='bbox 299 3124 349 3185; x_wconf 90' lang='lat' dir='ltr'><strong>est</strong></span> <span class='ocrx_word' id='word_1_272' title='bbox 366 3119 481 3204; x_wconf 86' lang='lat' dir='ltr'><strong>visum,</strong></span> <span class='ocrx_word' id='word_1_273' title='bbox 503 3118 582 3184; x_wconf 89' lang='lat' dir='ltr'><strong>adeo</strong></span> <span class='ocrx_word' id='word_1_274' title='bbox 605 3118 701 3183; x_wconf 82' lang='lat' dir='ltr'><strong>facile</strong></span> <span class='ocrx_word' id='word_1_275' title='bbox 723 3119 870 3205; x_wconf 87' lang='lat' dir='ltr'><strong>perculit,</strong></span> <span class='ocrx_word' id='word_1_276' title='bbox 892 3123 929 3183; x_wconf 90' lang='grc'><strong>111</strong></span> <span class='ocrx_word' id='word_1_277' title='bbox 951 3123 1025 3202; x_wconf 91' lang='lat' dir='ltr'><strong>post</strong></span> <span class='ocrx_word' id='word_1_278' title='bbox 1046 3118 1130 3182; x_wconf 90' lang='lat' dir='ltr'><strong>diem</strong></span> <span class='ocrx_word' id='word_1_279' title='bbox 1153 3118 1300 3200; x_wconf 90' lang='lat' dir='ltr'><strong>tertium,</strong></span> 
     </span>
     <span class='ocr_line' id='line_1_35' title="bbox 129 3205 1300 3295; baseline -0.003 -21"><span class='ocrx_word' id='word_1_280' title='bbox 129 3232 224 3295; x_wconf 92' lang='lat' dir='ltr'><strong>quam</strong></span> <span class='ocrx_word' id='word_1_281' title='bbox 244 3207 388 3274; x_wconf 83' lang='lat' dir='ltr'><strong>Siciliam</strong></span> <span class='ocrx_word' id='word_1_282' title='bbox 413 3208 577 3293; x_wconf 80' lang='lat' dir='ltr'><strong>attigerat,</strong></span> <span class='ocrx_word' id='word_1_283' title='bbox 600 3206 773 3291; x_wconf 83' lang='lat' dir='ltr'><strong>Syracusas</strong></span> <span class='ocrx_word' id='word_1_284' title='bbox 792 3209 952 3273; x_wconf 83' lang='lat' dir='ltr'><strong>introiret</strong></span> <span class='ocrx_word' id='word_1_285' title='bbox 989 3208 1039 3272; x_wconf 82' lang='grc'><strong>1111</strong></span> <span class='ocrx_word' id='word_1_286' title='bbox 1059 3228 1121 3291; x_wconf 90' lang='lat' dir='ltr'><strong>quo</strong></span> <span class='ocrx_word' id='word_1_287' title='bbox 1144 3205 1300 3292; x_wconf 86' lang='lat' dir='ltr'><strong>intellegi</strong></span> 
     </span>
     <span class='ocr_line' id='line_1_36' title="bbox 126 3295 1300 3382; baseline -0.001 -19"><span class='ocrx_word' id='word_1_288' title='bbox 126 3302 237 3382; x_wconf 90' lang='lat' dir='ltr'><strong>potest</strong></span> <span class='ocrx_word' id='word_1_289' title='bbox 254 3299 380 3363; x_wconf 87' lang='lat' dir='ltr'><strong>nullum</strong></span> <span class='ocrx_word' id='word_1_290' title='bbox 398 3319 467 3363; x_wconf 87' lang='lat' dir='ltr'><strong>esse</strong></span> <span class='ocrx_word' id='word_1_291' title='bbox 485 3298 656 3382; x_wconf 91' lang='lat' dir='ltr'><strong>imperium</strong></span> <span class='ocrx_word' id='word_1_292' title='bbox 674 3295 782 3362; x_wconf 85' lang='lat' dir='ltr'><strong>tutum</strong></span> <span class='ocrx_word' id='word_1_293' title='bbox 800 3298 864 3362; x_wconf 91' lang='lat' dir='ltr'><strong>nisi</strong></span> <span class='ocrx_word' id='word_1_294' title='bbox 883 3297 1107 3362; x_wconf 86' lang='lat' dir='ltr'><strong>benevolentia</strong></span> <span class='ocrx_word' id='word_1_295' title='bbox 1125 3295 1300 3362; x_wconf 87' lang='lat' dir='ltr'><strong>munitum.</strong></span> 
     </span>
    </p>

    <p class='ocr_par' dir='ltr' id='par_1_13' title="bbox 92 3383 1301 3470">
     <span class='ocr_line' id='line_1_37' title="bbox 92 3383 1301 3470; baseline -0.004 -17"><span class='ocrx_word' id='word_1_296' title='bbox 92 3404 109 3453; x_wconf 81' lang='grc'><strong>1</strong></span> <span class='ocrx_word' id='word_1_297' title='bbox 128 3386 178 3451; x_wconf 83' lang='lat' dir='ltr'><strong>Eo</strong></span> <span class='ocrx_word' id='word_1_298' title='bbox 201 3390 347 3470; x_wconf 90' lang='lat' dir='ltr'><strong>ternpore</strong></span> <span class='ocrx_word' id='word_1_299' title='bbox 367 3387 479 3452; x_wconf 87' lang='lat' dir='ltr'><strong>aberat</strong></span> <span class='ocrx_word' id='word_1_300' title='bbox 497 3386 674 3470; x_wconf 87' lang='lat' dir='ltr'><strong>Dionysius</strong></span> <span class='ocrx_word' id='word_1_301' title='bbox 694 3389 726 3450; x_wconf 91' lang='lat' dir='ltr'><strong>et</strong></span> <span class='ocrx_word' id='word_1_302' title='bbox 744 3388 778 3451; x_wconf 94' lang='lat' dir='ltr'><strong>in</strong></span> <span class='ocrx_word' id='word_1_303' title='bbox 796 3386 893 3451; x_wconf 87' lang='lat' dir='ltr'><strong>Italia</strong></span> <span class='ocrx_word' id='word_1_304' title='bbox 911 3387 1049 3451; x_wconf 88' lang='lat' dir='ltr'><strong>classem</strong></span> <span class='ocrx_word' id='word_1_305' title='bbox 1068 3383 1301 3468; x_wconf 88' lang='lat' dir='ltr'><strong>opperiebatur</strong></span> 
     </span>
    </p>
   </div>
   <div class='ocr_carea' id='block_1_3' title="bbox 125 3573 1303 4360">
    <p class='ocr_par' dir='ltr' id='par_1_14' title="bbox 125 3573 1303 4360">
     <span class='ocr_line' id='line_1_38' title="bbox 165 3573 1302 3647; baseline -0.002 -17"><span class='ocrx_word' id='word_1_306' title='bbox 165 3577 199 3647; x_wconf 75' lang='grc'><strong>17)</strong></span> <span class='ocrx_word' id='word_1_307' title='bbox 217 3576 270 3631; x_wconf 90' lang='lat' dir='ltr'><strong>Die</strong></span> <span class='ocrx_word' id='word_1_308' title='bbox 288 3577 470 3631; x_wconf 89' lang='lat' dir='ltr'><strong>Mutterstadt</strong></span> <span class='ocrx_word' id='word_1_309' title='bbox 487 3593 543 3631; x_wconf 83' lang='lat' dir='ltr'><strong>von</strong></span> <span class='ocrx_word' id='word_1_310' title='bbox 556 3579 683 3647; x_wconf 82' lang='lat' dir='ltr'><strong>Syracus.</strong></span> <span class='ocrx_word' id='word_1_311' title='bbox 738 3595 768 3633; x_wconf 93' lang='lat' dir='ltr'><strong>er</strong></span> <span class='ocrx_word' id='word_1_312' title='bbox 797 3578 896 3632; x_wconf 89' lang='lat' dir='ltr'><strong>dessen</strong></span> <span class='ocrx_word' id='word_1_313' title='bbox 923 3575 1051 3647; x_wconf 87' lang='lat' dir='ltr'><strong>liegende</strong></span> <span class='ocrx_word' id='word_1_314' title='bbox 1080 3574 1167 3630; x_wconf 65' lang='lat' dir='ltr'><strong>aaut</strong></span> <span class='ocrx_word' id='word_1_315' title='bbox 1196 3573 1302 3644; x_wconf 83' lang='grc'><strong>6111163</strong></span> 
     </span>
     <span class='ocr_line' id='line_1_39' title="bbox 164 3644 1303 3716; baseline -0.002 -14"><span class='ocrx_word' id='word_1_316' title='bbox 164 3647 684 3716; x_wconf 75' lang='grc'><strong>18)111616116111111111111166111116611-</strong></span> <span class='ocrx_word' id='word_1_317' title='bbox 736 3649 795 3702; x_wconf 90' lang='lat' dir='ltr'><strong>und</strong></span> <span class='ocrx_word' id='word_1_318' title='bbox 813 3647 910 3703; x_wconf 80' lang='lat' dir='ltr'><strong>Gattin</strong></span> <span class='ocrx_word' id='word_1_319' title='bbox 928 3647 987 3701; x_wconf 90' lang='lat' dir='ltr'><strong>und</strong></span> <span class='ocrx_word' id='word_1_320' title='bbox 1006 3647 1081 3702; x_wconf 86' lang='lat' dir='ltr'><strong>Sohn</strong></span> <span class='ocrx_word' id='word_1_321' title='bbox 1099 3644 1248 3700; x_wconf 88' lang='lat' dir='ltr'><strong>desselben</strong></span> <span class='ocrx_word' id='word_1_322' title='bbox 1268 3646 1303 3700; x_wconf 87' lang='lat' dir='ltr'><strong>in</strong></span> 
     </span>
     <span class='ocr_line' id='line_1_40' title="bbox 128 3715 1300 3789; baseline -0.001 -16"><span class='ocrx_word' id='word_1_323' title='bbox 128 3718 325 3774; x_wconf 80' lang='lat' dir='ltr'><strong>selverhllltnis</strong></span> <span class='ocrx_word' id='word_1_324' title='bbox 348 3717 529 3784; x_wconf 79' lang='lat' dir='ltr'><strong>bezeichnen,</strong></span> <span class='ocrx_word' id='word_1_325' title='bbox 552 3735 587 3771; x_wconf 82' lang='lat' dir='ltr'><strong>an</strong></span> <span class='ocrx_word' id='word_1_326' title='bbox 604 3735 683 3787; x_wconf 89' lang='lat' dir='ltr'><strong>prae·</strong></span> <span class='ocrx_word' id='word_1_327' title='bbox 737 3720 787 3774; x_wconf 90' lang='lat' dir='ltr'><strong>der</strong></span> <span class='ocrx_word' id='word_1_328' title='bbox 813 3719 875 3773; x_wconf 89' lang='lat' dir='ltr'><strong>hier</strong></span> <span class='ocrx_word' id='word_1_329' title='bbox 901 3719 1099 3789; x_wconf 85' lang='lat' dir='ltr'><strong>angegebenen</strong></span> <span class='ocrx_word' id='word_1_330' title='bbox 1124 3717 1218 3771; x_wconf 85' lang='lat' dir='ltr'><strong>Weise</strong></span> <span class='ocrx_word' id='word_1_331' title='bbox 1248 3715 1300 3772; x_wconf 91' lang='lat' dir='ltr'><strong>be·</strong></span> 
     </span>
     <span class='ocr_line' id='line_1_41' title="bbox 128 3786 1298 3861; baseline -0.006 -14"><span class='ocrx_word' id='word_1_332' title='bbox 128 3806 264 3861; x_wconf 83' lang='lat' dir='ltr'><strong>occupare</strong></span> <span class='ocrx_word' id='word_1_333' title='bbox 283 3791 342 3844; x_wconf 86' lang='lat' dir='ltr'><strong>also</strong></span> <span class='ocrx_word' id='word_1_334' title='bbox 361 3806 412 3859; x_wconf 87' lang='lat' dir='ltr'><strong>gar</strong></span> <span class='ocrx_word' id='word_1_335' title='bbox 430 3789 510 3843; x_wconf 90' lang='lat' dir='ltr'><strong>nicht</strong></span> <span class='ocrx_word' id='word_1_336' title='bbox 526 3805 636 3859; x_wconf 86' lang='lat' dir='ltr'><strong>passen.</strong></span> <span class='ocrx_word' id='word_1_337' title='bbox 735 3789 877 3845; x_wconf 83' lang='lat' dir='ltr'><strong>handelte.</strong></span> <span class='ocrx_word' id='word_1_338' title='bbox 914 3789 974 3844; x_wconf 88' lang='lat' dir='ltr'><strong>Auf</strong></span> <span class='ocrx_word' id='word_1_339' title='bbox 989 3789 1064 3845; x_wconf 87' lang='lat' dir='ltr'><strong>disse</strong></span> <span class='ocrx_word' id='word_1_340' title='bbox 1082 3786 1298 3858; x_wconf 81' lang='lat' dir='ltr'><strong>Veranlaesung</strong></span> 
     </span>
     <span class='ocr_line' id='line_1_42' title="bbox 164 3859 1301 3932; baseline -0.001 -17"><span class='ocrx_word' id='word_1_341' title='bbox 164 3861 198 3932; x_wconf 75' lang='grc'><strong>19)</strong></span> <span class='ocrx_word' id='word_1_342' title='bbox 224 3862 305 3917; x_wconf 91' lang='lat' dir='ltr'><strong>Plato</strong></span> <span class='ocrx_word' id='word_1_343' title='bbox 330 3876 388 3915; x_wconf 86' lang='lat' dir='ltr'><strong>war</strong></span> <span class='ocrx_word' id='word_1_344' title='bbox 410 3865 461 3915; x_wconf 83' lang='grc'><strong>361</strong></span> <span class='ocrx_word' id='word_1_345' title='bbox 490 3878 554 3914; x_wconf 83' lang='lat' dir='ltr'><strong>zum</strong></span> <span class='ocrx_word' id='word_1_346' title='bbox 577 3859 682 3914; x_wconf 88' lang='lat' dir='ltr'><strong>dritten</strong></span> <span class='ocrx_word' id='word_1_347' title='bbox 735 3863 793 3915; x_wconf 90' lang='grc'><strong>6161</strong></span> <span class='ocrx_word' id='word_1_348' title='bbox 819 3861 903 3917; x_wconf 79' lang='grc'><strong>111616</strong></span> <span class='ocrx_word' id='word_1_349' title='bbox 932 3861 1005 3917; x_wconf 89' lang='lat' dir='ltr'><strong>Dion</strong></span> <span class='ocrx_word' id='word_1_350' title='bbox 1037 3862 1091 3915; x_wconf 90' lang='lat' dir='ltr'><strong>den</strong></span> <span class='ocrx_word' id='word_1_351' title='bbox 1120 3859 1207 3927; x_wconf 89' lang='lat' dir='ltr'><strong>Plan,</strong></span> <span class='ocrx_word' id='word_1_352' title='bbox 1241 3859 1301 3914; x_wconf 88' lang='lat' dir='ltr'><strong>den</strong></span> 
     </span>
     <span class='ocr_line' id='line_1_43' title="bbox 126 3930 1299 4002; baseline -0.003 -15"><span class='ocrx_word' id='word_1_353' title='bbox 126 3931 185 3987; x_wconf 87' lang='lat' dir='ltr'><strong>Mal</strong></span> <span class='ocrx_word' id='word_1_354' title='bbox 203 3934 274 3988; x_wconf 82' lang='lat' dir='ltr'><strong>nach</strong></span> <span class='ocrx_word' id='word_1_355' title='bbox 294 3932 416 4001; x_wconf 80' lang='lat' dir='ltr'><strong>Syrakus</strong></span> <span class='ocrx_word' id='word_1_356' title='bbox 435 3930 614 4002; x_wconf 82' lang='grc'><strong>3616111161,</strong></span> <span class='ocrx_word' id='word_1_357' title='bbox 632 3949 681 3985; x_wconf 90' lang='lat' dir='ltr'><strong>nm</strong></span> <span class='ocrx_word' id='word_1_358' title='bbox 733 3931 880 4001; x_wconf 87' lang='lat' dir='ltr'><strong>Tyrannen</strong></span> <span class='ocrx_word' id='word_1_359' title='bbox 920 3933 973 3988; x_wconf 87' lang='lat' dir='ltr'><strong>mit</strong></span> <span class='ocrx_word' id='word_1_360' title='bbox 1008 3930 1226 4001; x_wconf 86' lang='lat' dir='ltr'><strong>Waffengewalt</strong></span> <span class='ocrx_word' id='word_1_361' title='bbox 1262 3947 1299 3984; x_wconf 83' lang='lat' dir='ltr'><strong>zu</strong></span> 
     </span>
     <span class='ocr_line' id='line_1_44' title="bbox 127 4002 855 4073; baseline 0.004 -16"><span class='ocrx_word' id='word_1_362' title='bbox 127 4003 173 4058; x_wconf 92' lang='lat' dir='ltr'><strong>die</strong></span> <span class='ocrx_word' id='word_1_363' title='bbox 200 4004 449 4073; x_wconf 78' lang='lat' dir='ltr'><strong>Zurficlrbernlung</strong></span> <span class='ocrx_word' id='word_1_364' title='bbox 476 4003 525 4057; x_wconf 87' lang='lat' dir='ltr'><strong>des</strong></span> <span class='ocrx_word' id='word_1_365' title='bbox 548 4002 620 4058; x_wconf 91' lang='lat' dir='ltr'><strong>Dion</strong></span> <span class='ocrx_word' id='word_1_366' title='bbox 649 4021 682 4056; x_wconf 85' lang='lat' dir='ltr'><strong>zu</strong></span> <span class='ocrx_word' id='word_1_367' title='bbox 736 4009 855 4060; x_wconf 80' lang='grc'><strong>11111161.</strong></span> 
     </span>
     <span class='ocr_line' id='line_1_45' title="bbox 127 4073 1068 4145; baseline 0 -15"><span class='ocrx_word' id='word_1_368' title='bbox 127 4076 271 4133; x_wconf 85' lang='lat' dir='ltr'><strong>erwirken.</strong></span> <span class='ocrx_word' id='word_1_369' title='bbox 308 4074 373 4131; x_wconf 91' lang='lat' dir='ltr'><strong>Dies</strong></span> <span class='ocrx_word' id='word_1_370' title='bbox 393 4073 495 4145; x_wconf 87' lang='lat' dir='ltr'><strong>gelang</strong></span> <span class='ocrx_word' id='word_1_371' title='bbox 513 4074 572 4127; x_wconf 93' lang='lat' dir='ltr'><strong>ihm</strong></span> <span class='ocrx_word' id='word_1_372' title='bbox 594 4073 681 4142; x_wconf 87' lang='lat' dir='ltr'><strong>nieht,</strong></span> <span class='ocrx_word' id='word_1_373' title='bbox 773 4075 806 4144; x_wconf 85' lang='lat'><strong>²⁰)</strong></span> <span class='ocrx_word' id='word_1_374' title='bbox 826 4076 908 4132; x_wconf 85' lang='lat' dir='ltr'><strong>Siehe</strong></span> <span class='ocrx_word' id='word_1_375' title='bbox 925 4074 1006 4133; x_wconf 86' lang='lat' dir='ltr'><strong>Anm.</strong></span> <span class='ocrx_word' id='word_1_376' title='bbox 1028 4081 1068 4130; x_wconf 81' lang='grc'><strong>19.</strong></span> 
     </span>
     <span class='ocr_line' id='line_1_46' title="bbox 125 4137 1297 4218; baseline -0.003 -17"><span class='ocrx_word' id='word_1_377' title='bbox 125 4145 263 4202; x_wconf 86' lang='lat' dir='ltr'><strong>rielmehr</strong></span> <span class='ocrx_word' id='word_1_378' title='bbox 293 4147 383 4216; x_wconf 83' lang='lat' dir='ltr'><strong>zeigte</strong></span> <span class='ocrx_word' id='word_1_379' title='bbox 415 4165 472 4200; x_wconf 90' lang='lat' dir='ltr'><strong>nun</strong></span> <span class='ocrx_word' id='word_1_380' title='bbox 503 4148 573 4213; x_wconf 89' lang='lat' dir='ltr'><strong>erst,</strong></span> <span class='ocrx_word' id='word_1_381' title='bbox 610 4147 682 4201; x_wconf 91' lang='lat' dir='ltr'><strong>nach</strong></span> <span class='ocrx_word' id='word_1_382' title='bbox 773 4146 807 4218; x_wconf 76' lang='lat'><strong>²¹)</strong></span> <span class='ocrx_word' id='word_1_383' title='bbox 826 4137 901 4201; x_wconf 79' lang='lat' dir='ltr'><strong>iiber</strong></span> <span class='ocrx_word' id='word_1_384' title='bbox 920 4145 996 4201; x_wconf 88' lang='lat' dir='ltr'><strong>diese</strong></span> <span class='ocrx_word' id='word_1_385' title='bbox 1017 4146 1121 4201; x_wconf 89' lang='lat' dir='ltr'><strong>Zahlen</strong></span> <span class='ocrx_word' id='word_1_386' title='bbox 1139 4145 1197 4213; x_wconf 82' lang='lat' dir='ltr'><strong>vgl.</strong></span> <span class='ocrx_word' id='word_1_387' title='bbox 1212 4143 1297 4198; x_wconf 92' lang='lat' dir='ltr'><strong>Diod.</strong></span> 
     </span>
     <span class='ocr_line' id='line_1_47' title="bbox 125 4215 1299 4287; baseline 0 -17"><span class='ocrx_word' id='word_1_388' title='bbox 125 4217 220 4273; x_wconf 78' lang='lat' dir='ltr'><strong>Plator</strong></span> <span class='ocrx_word' id='word_1_389' title='bbox 247 4216 412 4287; x_wconf 86' lang='lat' dir='ltr'><strong>Heimkehr,</strong></span> <span class='ocrx_word' id='word_1_390' title='bbox 440 4215 589 4286; x_wconf 88' lang='lat' dir='ltr'><strong>Dionysius</strong></span> <span class='ocrx_word' id='word_1_391' title='bbox 622 4217 682 4272; x_wconf 86' lang='lat' dir='ltr'><strong>sich</strong></span> <span class='ocrx_word' id='word_1_392' title='bbox 735 4218 808 4286; x_wconf 87' lang='lat' dir='ltr'><strong>XVI,</strong></span> <span class='ocrx_word' id='word_1_393' title='bbox 828 4224 852 4274; x_wconf 83' lang='lat'><strong>9.</strong></span> <span class='ocrx_word' id='word_1_394' title='bbox 887 4217 961 4272; x_wconf 92' lang='lat' dir='ltr'><strong>Plut.</strong></span> <span class='ocrx_word' id='word_1_395' title='bbox 980 4216 1061 4273; x_wconf 89' lang='lat' dir='ltr'><strong>Dion.</strong></span> <span class='ocrx_word' id='word_1_396' title='bbox 1082 4221 1122 4271; x_wconf 81' lang='grc'><strong>14.</strong></span> <span class='ocrx_word' id='word_1_397' title='bbox 1156 4215 1216 4269; x_wconf 86' lang='lat' dir='ltr'><strong>Ael.</strong></span> <span class='ocrx_word' id='word_1_398' title='bbox 1236 4232 1299 4270; x_wconf 87' lang='lat' dir='ltr'><strong>var.</strong></span> 
     </span>
     <span class='ocr_line' id='line_1_48' title="bbox 126 4287 928 4360; baseline 0.005 -20"><span class='ocrx_word' id='word_1_399' title='bbox 126 4289 205 4343; x_wconf 90' lang='lat' dir='ltr'><strong>recht</strong></span> <span class='ocrx_word' id='word_1_400' title='bbox 224 4288 374 4358; x_wconf 82' lang='lat' dir='ltr'><strong>feindselig</strong></span> <span class='ocrx_word' id='word_1_401' title='bbox 387 4305 478 4359; x_wconf 86' lang='lat' dir='ltr'><strong>gagen</strong></span> <span class='ocrx_word' id='word_1_402' title='bbox 492 4287 572 4357; x_wconf 88' lang='lat' dir='ltr'><strong>Dion,</strong></span> <span class='ocrx_word' id='word_1_403' title='bbox 587 4287 682 4344; x_wconf 92' lang='lat' dir='ltr'><strong>indem</strong></span> <span class='ocrx_word' id='word_1_404' title='bbox 735 4289 799 4346; x_wconf 88' lang='lat' dir='ltr'><strong>hist.</strong></span> <span class='ocrx_word' id='word_1_405' title='bbox 820 4289 867 4360; x_wconf 89' lang='lat' dir='ltr'><strong>VI,</strong></span> <span class='ocrx_word' id='word_1_406' title='bbox 887 4295 928 4344; x_wconf 82' lang='grc'><strong>12.</strong></span> 
     </span>
    </p>
   </div>
   <div class='ocr_carea' id='block_1_4' title="bbox 0 0 1410 4786">
    <p class='ocr_par' dir='ltr' id='par_1_15' title="bbox 0 0 1410 4786">
     <span class='ocr_line' id='line_1_49' title="bbox 0 0 1410 4786; baseline 0 0"><span class='ocrx_word' id='word_1_407' title='bbox 0 0 1410 4786; x_wconf 95' lang='lat' dir='ltr'><strong> </strong></span> 
     </span>
    </p>
   </div>
  </div>
 </body>
</html>
