2812 4786
126 167 149 230 4
559 166 580 223 Ι.
609 166 812 224 MILTIADES.
835 173 860 221 4.

127 331 272 396 colerent
286 329 400 395 Graeci
419 351 545 415 genere,
563 330 682 395 liberos
702 329 906 395 aPersarum
924 331 1049 396 futuros
1064 331 1298 400 dominatione.

127 417 202 484 Sine
233 419 378 503 periculo
405 419 439 484 id
467 423 500 485 et
527 419 623 484 facile
655 417 739 483 effici
766 440 876 502 posse:
909 425 1009 505 ponte
1038 421 1125 484 enim
1156 423 1297 489 rescisso

126 530 237 594 regem
261 509 312 573 vel
335 508 479 573 hostium
501 507 587 573 ferro
606 507 657 572 vel
680 507 791 591 inopia
813 508 925 591 paucis
949 509 1061 574 diebus
1080 511 1300 578 interiturum.

88 619 108 668 s
127 597 178 662 Ad
200 597 262 662 hoc
285 597 455 663 consilium
474 619 547 662 cum
569 596 714 680 plerique
733 599 932 679 accederent,
954 597 1121 663 Histiaeus
1140 597 1300 685 Milesius,

126 707 167 750 ne
189 708 241 751 res
269 687 492 770 conficeretur,
515 685 659 770 obstitit,
683 706 755 750 cum
778 684 899 751 diceret
920 708 988 752 non
1010 688 1096 751 idem
1122 688 1218 771 ipsis,
1241 691 1300 774 qui

127 796 271 841 summas
293 775 422 859 imperii
444 779 601 859 tenerent,
625 773 774 857 expedire
798 777 830 840 et
853 776 1071 857 multitudini,
1095 776 1181 861 quod
1204 775 1300 842 Darii

126 884 226 948 regno
250 865 396 948 ipsorum
418 865 577 929 niteretur
599 863 792 929 dominatio:
825 885 888 948 quo
912 864 1072 930 exstincto
1096 866 1184 949 ipsos
1207 870 1300 949 pote·

127 955 213 1017 state
236 955 386 1038 expulsos
406 953 529 1018 civibus
554 953 621 1017 suis
640 972 761 1036 poenas
781 951 922 1017 daturos.
953 952 1068 1037 Itaque
1087 954 1166 1018 adeo
1186 975 1220 1018 se
1241 957 1300 1020 ab·

128 1041 258 1107 horrere
282 1064 302 1107 a
325 1047 504 1108 ceterorum
526 1039 672 1121 oonsilio,
695 1043 732 1105 ut
749 1040 832 1105 nihil
854 1043 948 1125 putet
966 1043 1047 1125 ipsis
1066 1043 1178 1107 utilius
1197 1065 1299 1128 quam

90 1131 313 1202 sconfirmari
334 1151 471 1216 regnum
494 1131 674 1195 Persarum.
720 1127 815 1194 Hanc
844 1131 1039 1195 sententiam
1064 1152 1136 1196 cum
1164 1133 1300 1216 plurimi

128 1224 236 1284 essent
263 1220 379 1303 secuti,
406 1218 570 1283 Miltiades
598 1240 665 1284 non
688 1216 840 1282 dubitans
862 1221 931 1281 tam
960 1219 1071 1283 multis
1096 1221 1232 1286 consciis
1257 1223 1300 1286 ad

127 1308 214 1392 regis
242 1329 334 1374 aures
364 1307 502 1372 consilia
525 1330 583 1372 sua
605 1311 814 1392 perventura,
837 1305 1073 1372 Chersonesum
1100 1308 1231 1392 reliquit
1260 1333 1299 1376 ac

126 1417 239 1461 rursus
266 1396 414 1461 Athenas
447 1393 697 1480 demigraritffi).
743 1393 841 1460 (luins
873 1397 957 1460 ratio
992 1397 1053 1461 etsi
1085 1418 1150 1460 non
1183 1398 1299 1483 valuit,

127 1488 237 1549 tamen
255 1506 374 1570 magno
389 1507 485 1569 opere
500 1490 549 1549 est
565 1484 735 1568 laudanda,
754 1505 826 1548 cum
841 1484 975 1550 amicior
989 1486 1133 1549 omnium
1153 1485 1300 1552 libertati

130 1595 226 1657 quam
251 1595 327 1638 suae
350 1573 449 1639 luerit
472 1572 694 1639 dominationi.

93 1685 109 1734 1
216 1662 273 1730 IV.
319 1662 438 1728 Darius
466 1667 587 1747 autern,
620 1683 692 1727 cum
720 1685 759 1726 ex
785 1661 919 1746 Europa
944 1662 979 1726 in
1007 1662 1122 1727 Asiam
1151 1662 1301 1748 redisset,

127 1751 334 1819 hortantibus
355 1753 477 1836 amicis,
499 1757 537 1817 ut
556 1749 726 1817 Graeciam
744 1751 905 1837 redigeret
924 1752 1070 1816 insuam
1091 1753 1300 1838 potestatem,

102 1854 104 1856 ’
128 1841 264 1906 classem
284 1843 535 1926 quingentarum
553 1841 684 1906 navium
703 1841 905 1924 comparavit
923 1841 1015 1925 eique
1030 1840 1141 1905 Datim
1161 1843 1202 1921 [a.
1216 1842 1298 1924 490]

126 1929 283 2013 praefecit
306 1933 339 1993 et
357 1927 593 2012 Artaphernem
612 1928 726 2011 hisque
745 1927 882 1993 ducenta
904 1928 1059 2013 peditum,
1082 1928 1191 1994 decem
1211 1933 1300 2016 equi-

128 2021 198 2080 tum
221 2018 313 2081 milia
335 2016 432 2096 dedit,
455 2038 586 2081 causam
609 2017 803 2080 interserens
812 2013 865 2102 ¹4),
891 2039 924 2081 se
948 2018 1076 2082 hostem
1100 2039 1170 2082 esse
1194 2019 1299 2084 Athe-

127 2104 305 2188 niensibus,
328 2105 414 2189 quod
437 2126 548 2170 eorum
570 2104 689 2169 auxilio
708 2104 805 2170 Iones
825 2104 941 2170 Sardes
966 2111 1206 2190 expugnassent
1224 2129 1299 2172 sua-

93 2215 191 2278 aque
219 2194 381 2278 praesidia
407 2189 698 2278 interfecissenr1⁵).
743 2193 796 2258 Illi
828 2194 983 2278 praefecti
1014 2195 1095 2281 regii
1124 2197 1225 2261 classe
1254 2197 1296 2260 ad

128 2282 298 2348 Euboeam
325 2282 463 2367 appulsa
490 2281 636 2347 celeriter
657 2281 821 2347 Eretriam
848 2288 1002 2366 ceperunt
1030 2305 1205 2368 omnesque
1227 2284 1297 2348 eius

129 2370 282 2458 gentisll)
311 2373 395 2437 cives
425 2374 576 2456 abreptos
604 2371 639 2435 in
663 2371 777 2436 Asiam
806 2373 846 2436 ad
869 2393 979 2456 regem
1006 2373 1173 2438 miserunt
1218 2373 1299 2438 Inde

129 2461 170 2526 ad
190 2462 334 2527 Atticam
357 2465 560 2527 accesserunt
580 2468 612 2526 et
630 2460 740 2544 copias
760 2461 795 2524 in
814 2482 963 2544 campum
983 2459 1223 2548 Marathona¹⁷)
1248 2464 1299 2527 de-

130 2551 299 2618 duxerunt.
343 2549 376 2614 Is
404 2551 499 2615 abest
526 2551 566 2615 ab
596 2552 675 2614 urbe
703 2551 830 2615 circiter
860 2550 950 2614 milia
972 2572 1127 2634 passuum
1150 2550 1300 2617 sedecim.

94 2659 111 2707 3
130 2637 202 2703 Hoc
225 2638 366 2702 tumultu
390 2637 605 2703 Athenienses
628 2643 697 2703 tam
720 2640 901 2723 propinquo
930 2644 1061 2722 tamque
1085 2660 1203 2724 magno
1226 2662 1299 2724 per-

129 2726 213 2790 moti
236 2725 390 2790 auxilium
413 2748 571 2810 nusquam
593 2726 658 2790 nisi
681 2748 700 2790 a
722 2725 987 2792 Lacedaemoniis
1015 2727 1200 2810 petiverunt
1223 2728 1299 2793 Phi-

131 2814 326 2898 dippumque
354 2835 516 2878 cursorem
540 2815 608 2878 eius
631 2815 771 2900 generis,
800 2816 885 2898 quod
914 2816 1178 2882 hemerodromoe
1206 2839 1299 2883 voca·

129 2901 237 2990 tur¹⁸),
259 2902 534 2968 Lacedaemonem
552 2902 719 2986 miserunt,
740 2907 776 2967 ut
788 2904 965 2988 nuntiaret,
985 2927 1081 2989 quam
1100 2906 1199 2970 celeri
1217 2928 1298 2990 opus

93 2995 217 3062 4esset
249 2991 378 3058 auxilio.
424 2991 521 3055 Domi
553 2994 662 3056 autem
695 2996 804 3056 creant
835 2992 944 3058 decem
981 2999 1160 3078 praetores,
1190 2996 1226 3059 in
1257 2996 1299 3060 iis

129 3081 319 3147 Miltiadem.
359 3080 450 3145 Inter
472 3102 553 3165 quos
577 3101 695 3165 magna
718 3081 780 3145 luit
803 3083 975 3160 contentio,
999 3088 1108 3148 utrum
1128 3084 1297 3149 moenibus

131 3193 166 3237 se
189 3171 407 3254 defenderent,
431 3191 472 3234 an
496 3170 624 3234 obviam
647 3171 733 3234 irent
754 3170 902 3236 hostibus
927 3172 1057 3256 acieque
1080 3173 1296 3238 decernerent.

95 3280 112 3328 o
130 3259 224 3325 Unus
231 3257 270 3348 1⁹)
289 3259 454 3325 Miltiades
473 3259 612 3323 maxime
630 3259 805 3343 nitebatur,
828 3264 864 3324 ut
881 3261 987 3343 primo
1007 3282 1133 3345 quoque
1150 3264 1298 3344 tempore

169 3415 204 3484 11)
227 3414 299 3470 Milt.
318 3433 384 3486 mag
402 3415 510 3471 damals
535 3417 623 3471 sehon
640 3417 692 3472 auf
743 3414 981 3485 tionsverhttltnis,
995 3416 1049 3472 wie
1063 3417 1093 3471 in
1107 3433 1176 3487 agro
1190 3417 1300 3473 Troade

130 3485 216 3540 kurze
233 3485 296 3541 Zeit
312 3487 342 3541 in
354 3486 449 3541 Athen
467 3486 624 3542 Sioherheit
641 3505 689 3558 gs·
742 3488 822 3543 Paus.
841 3488 890 3556 III,
910 3493 935 3543 3.

131 3557 215 3612 sucht
232 3556 333 3613 haben.
358 3558 433 3612 Aber
447 3556 571 3612 dauernd
589 3558 689 3614 kehrte
780 3558 812 3627 ¹⁸)
835 3558 916 3624 Quod
934 3560 1059 3627 vocatur,
1077 3557 1131 3613 wie
1149 3559 1231 3612 Paus.
1250 3557 1300 3628 Ill,

131 3645 162 3681 er
180 3629 238 3682 erst
260 3634 313 3682 494
332 3628 418 3683 dahin
440 3628 556 3697 aurlick,
581 3628 623 3682 als
642 3629 687 3684 die
743 3634 759 3682 6
778 3644 804 3683 u.
823 3628 902 3684 Eum.
922 3627 956 3697 V,
975 3635 1004 3698 3,
1028 3629 1108 3684 nicht
1131 3629 1180 3699 qui
1197 3647 1300 3685 vocan-

130 3699 229 3753 Perser
246 3700 319 3752 nach
335 3698 533 3767 Bewuaigung
551 3698 600 3753 des
619 3699 688 3753 ioni-
741 3700 796 3767 tur,
815 3700 881 3754 weil
894 3700 944 3754 der
958 3701 1132 3756 Relativsata
1146 3701 1207 3754 hier
1220 3700 1302 3755 nicht

131 3767 427 3826 schenAulstandesin
435 3767 688 3840 jenenGewassern
742 3768 804 3824 eine
818 3770 967 3841 beiltufige
978 3771 1164 3840 Bemerlrung,
1179 3773 1302 3826 sondern

131 3859 166 3896 au
183 3842 309 3910 machtig
326 3842 448 3896 wurden.
741 3839 1302 3911 einenotwendigeBestimmungaueius

170 3913 204 3981 11)
227 3911 316 3968 Dafflr
339 3914 388 3967 das
416 3910 558 3967 ublichere
577 3929 689 3967 causam
742 3915 851 3982 generis
872 3915 990 3968 enth'alt.
1017 3912 1100 3967 Indes
1119 3914 1199 3981 auch,
1219 3930 1302 3969 wenn

131 3975 585 4125 stastatuta,
742 3982 1304 4124 remtabanense

169 4126 203 4195 ¹⁰)
222 4125 373 4197 Beadglioh
387 4125 438 4181 auf
448 4127 499 4180 das
514 4125 596 4196 obige
606 4126 689 4180 Grae·
742 4127 912 4196 wenigstens
922 4098 1055 4181 statthaft
1064 4143 1303 4197 gewesenwegen

133 4197 214 4252 ciam.
247 4197 304 4253 Der
321 4197 469 4252 Ausdruclr
487 4212 617 4266 ungenau
636 4196 688 4252 wie
742 4198 792 4253 des
810 4197 894 4252 dabei
913 4195 1067 4252 stehenden
1085 4198 1300 4254 Fremdwortes.

133 4284 229 4323 earum
247 4269 358 4324 urbium
376 4268 455 4337 ΙΙΙ,1
475 4270 531 4322 und
549 4285 584 4322 ea
601 4268 635 4336 V,
650 4273 674 4323 2.
779 4268 813 4338 11)
841 4268 919 4322 Unus
942 4269 1044 4339 gehdrt
1066 4268 1108 4324 als
1132 4269 1303 4340 Steigerung

170 4339 204 4409 11)
222 4339 291 4396 Mar.
306 4343 363 4396 und
377 4356 506 4411 campum
520 4338 559 4394 im
568 4340 689 4410 Apposi-
743 4359 777 4394 zu
796 4340 923 4395 maxime.
