2812 4786
130 140 172 205 10
490 139 525 195 ΙΙ.
549 136 835 194 THEMISTOGLES.
860 144 885 193 7.
900 144 926 193 8.

95 320 108 368 1
216 301 291 368 VH.
328 301 566 367 Themistocles
590 303 708 381 autem,
730 303 767 367 ut
788 300 1061 366 Lacedaemonem
1084 300 1191 382 venit,
1217 300 1308 366 adire

128 393 169 459 ad
196 392 408 476 magistratus
436 391 542 456 noluit
570 394 603 455 et
629 390 717 455 dedit
745 411 893 474 operam,
920 392 957 454 ut
984 411 1082 473 quam
1108 388 1307 474 longissime

128 487 258 565 tempus
285 480 430 563 duceret,
458 501 589 544 causam
620 480 830 564 interponens
864 499 898 543 sc
930 478 1074 564 collegas
1106 481 1308 561 exspectare.

94 586 110 635 a
130 569 211 636 Gnm
230 568 476 634 Lacedaemonii
495 571 703 653 quererentur
722 589 803 652 opus
821 567 925 632 nihilo
945 567 1052 631 minus
1075 566 1147 631 fieri
1166 588 1305 653 eumque

129 660 164 724 in
186 680 225 723 ea
246 679 281 722 re
309 657 421 723 conari
449 657 577 742 fallere,
605 656 736 721 interim
758 655 876 740 reliqui
903 656 1004 741 legati
1028 659 1104 721 sunt
1128 658 1305 722 consecuti.

128 747 159 812 A
182 746 298 831 quibus
322 768 395 812 oum
419 745 562 811 audisset
589 767 656 811 non
683 745 821 810 multum
845 765 1012 828 superesse
1035 744 1242 825 munitionis,
1265 745 1306 811 ad

129 836 268 921 ephoros
287 833 616 901 Lacedaemoniorum
641 830 952 920 accessit10),penes
977 855 1057 918 quos
1081 855 1210 898 summa
1236 837 1306 900 crat

128 926 289 1009 potestas,
317 928 414 1008 atque
442 924 527 1008 apud
555 945 610 989 eos
634 922 801 988 contendit
826 921 912 987 falsa
939 920 1052 1007 illisu)
1080 944 1150 987 esse
1178 922 1305 989 delata:

130 1035 228 1099 quare
256 1035 393 1097 aequum
421 1035 491 1077 esse
520 1013 607 1078 viros
634 1012 737 1076 bonos
764 1011 953 1095 nobilesque
985 1012 1126 1094 mittere,
1149 1012 1207 1097 qui
1235 1034 1306 1078 rem

94 1120 110 1168 3
130 1102 352 1186 explorarent:
374 1103 499 1167 interea
516 1122 551 1166 se
570 1100 718 1167 obsidem
740 1100 925 1166 retinerent
957 1098 1077 1165 Gestus
1097 1103 1146 1165 est
1168 1101 1199 1164 ei
1225 1123 1305 1186 mos,

130 1194 259 1275 tresque
282 1191 383 1277 legati
406 1189 511 1255 functi
534 1189 667 1253 summis
686 1184 910 1274 hononbusss)
933 1189 1080 1254 Athenas
1104 1188 1306 1257 missisunt

131 1278 214 1345 (lum
241 1279 293 1344 his
323 1279 463 1362 collegas
488 1274 610 1364 aucam)
633 1277 867 1343 Themistocles
890 1277 987 1342 iussit
1013 1278 1176 1362 proficisci
1198 1278 1304 1363 iisqne

130 1368 304 1451 praedixit,
331 1371 369 1431 ut
395 1388 436 1430 ne
463 1367 553 1450 prins
580 1366 910 1431 Lacedaemoniorum
938 1368 1063 1452 legatos
1092 1367 1304 1452 dimitterent,

92 1472 227 1539 aquam
250 1456 319 1539 ipse
342 1459 428 1521 esset
449 1456 610 1520 remissus.
657 1454 835 1539 Postquam
859 1455 1009 1521 Athenas
1032 1477 1087 1520 eos
1116 1457 1304 1539 pervenisse

129 1548 222 1609 ratus
246 1547 308 1628 est,
332 1544 373 1609 ad
396 1543 609 1629 magistratus
633 1548 844 1628 senatumque
866 1543 1196 1610 Lacedaemoniorum
1226 1545 1304 1610 adiit

131 1638 163 1698 et
187 1634 271 1718 apud
296 1655 351 1698 eos
374 1633 539 1699 liberrime
562 1632 727 1717 professus
751 1636 814 1699 est:
838 1654 896 1698 sno
920 1633 1057 1698 consilio
1076 1632 1303 1718 Athenienses,

130 1724 217 1807 qnod
240 1723 403 1790 communi
421 1723 491 1787 iure
515 1724 662 1807 gentium
684 1723 792 1787 facere
815 1723 937 1807 liceret,
959 1722 1035 1787 deos
1055 1744 1131 1787 suos
1153 1723 1303 1806 publicos

131 1815 228 1897 atque
247 1808 428 1899 patri0s14),
448 1833 511 1896 quo
531 1810 657 1876 facilius
676 1811 717 1875 ab
736 1811 831 1876 hoste
849 1815 984 1894 possent
1002 1810 1182 1897 defendere,
1201 1813 1302 1877 muris

131 1901 290 1984 saepsisse
306 1921 411 1984 neque
429 1901 464 1964 in
483 1922 520 1965 eo
540 1899 626 1984 quod
648 1899 764 1963 inutile
784 1904 870 1965 esset
888 1899 1044 1965 Graeciae
1061 1899 1187 1966 fecisse.
1218 1898 1302 1966 Nam

95 2005 111 2053 a
130 1988 262 2052 illorum
276 1988 391 2052 urbem
406 1992 443 2052 ut
455 1988 735 2072 propugnaculum
754 1988 902 2053 barbaris
921 2010 990 2054 esse
1005 1990 1199 2074 oppositam,
1219 1989 1302 2075 apud

132 2098 229 2160 quam
251 2078 317 2141 iam
340 2076 391 2140 bis
414 2077 534 2141 classes
556 2077 664 2161 regias
691 2075 808 2141 fecisse
831 2077 1039 2162 naufragium
1048 2074 1097 2165 l⁵).
1143 2077 1302 2144 Lacedae·

96 2183 112 2232 a
131 2165 258 2233 monios
278 2167 387 2230 autem
405 2165 492 2230 male
510 2169 544 2229 et
560 2166 680 2230 iniuste
698 2165 813 2248 facere,
832 2167 886 2250 qui
904 2167 938 2231 id
960 2167 1069 2250 potius
1088 2167 1304 2251 intuerentur,

131 2254 216 2340 quod
239 2256 385 2340 ipsorum
409 2252 624 2320 dominationi
642 2275 738 2338 quam
758 2255 843 2338 quod
861 2256 1031 2320 universae
1047 2254 1203 2321 Graeciae
1220 2256 1303 2321 utile

131 2347 226 2410 esset.
273 2343 391 2426 Quare,
416 2344 445 2408 si
468 2365 544 2408 suos
566 2343 692 2425 legatos
715 2343 858 2427 recipere
881 2345 1008 2428 vellent,
1032 2366 1066 2409 se
1089 2345 1303 2430 remitterent,

131 2455 204 2499 oum
228 2434 324 2499 aliter
346 2433 422 2499 illos
445 2453 623 2517 numquam
645 2432 681 2496 in
704 2433 846 2516 patriam
869 2438 979 2498 essent
1001 2433 1170 2517 recepturi.

97 2537 112 2586 1
219 2521 309 2586 VIII.
341 2521 463 2587 Tamen
485 2543 553 2587 non
576 2521 690 2606 effugit
708 2521 826 2587 civium
849 2544 981 2587 suorum
1004 2523 1168 2587 invidiam.
1201 2521 1303 2588 Nam-

131 2631 193 2694 que
216 2610 258 2675 ob
283 2610 420 2675 eundem
441 2611 608 2694 timorem,
632 2632 695 2693 quo
720 2609 892 2685 damnatus
917 2615 986 2677 erat
1007 2610 1180 2695 Miltiades,
1203 2616 1303 2677 testu·

130 2698 235 2763 larum
262 2697 425 2782 suffragiis
454 2719 471 2761 e
500 2698 633 2763 civitate
662 2699 781 2764 eiectus
809 2699 918 2784 Argos
945 2700 1129 2765 habitatum
1165 2703 1208 2781 [a.
1222 2701 1300 2782 476]

95 2804 111 2852 2
131 2787 298 2867 concessit.
334 2785 387 2850 Ibi
405 2807 478 2850 cum
497 2789 631 2870 propter
655 2787 775 2851 multas
795 2791 827 2851 et
852 2789 1000 2873 egregias
1022 2790 1160 2854 virtutes
1182 2810 1303 2874 magna

131 2897 204 2940 cum
227 2875 386 2960 dignitate
409 2874 546 2957 viveret,
569 2874 815 2940 Lacedaemonii
838 2877 964 2962 legatos
987 2877 1134 2943 Athenas
1160 2880 1203 2960 [a.
1223 2879 1301 2960 473]

130 2964 297 3049 miserunt,
321 2964 473 3048 quicum
497 2963 665 3028 absentem
689 2969 886 3045 accusarent,
910 2966 995 3050 quod
1019 2968 1209 3032 societatem
1230 2990 1302 3033 oum

131 3075 206 3140 rege
228 3053 326 3118 Perse
349 3052 390 3118 ad
413 3050 582 3118 Graeciam
612 3054 856 3136 opprimendam
883 3053 1022 3120 fecisset.
1069 3057 1141 3121 Hoc
1168 3056 1302 3121 crimine

94 3145 246 3231 aabsens
272 3142 443 3208 damnatus
468 3147 525 3207 est.
561 3141 600 3205 Id
623 3145 660 3206 ut
679 3142 811 3227 audivit,
835 3143 921 3227 quod
938 3165 1005 3209 non
1029 3145 1109 3210 satis
1132 3149 1243 3210 tutum
1267 3167 1301 3211 se

167 3318 200 3419 13)
219 3319 309 3442 {anqpt
320 3335 355 3372 nu
368 3317 445 3442 fMillt.
462 3318 485 3442 ἐξ
504 3323 529 3443 ἰ.
742 3335 796 3373 nur
812 3317 946 3443 pr'ivaliin
964 3319 1083 3444 vqrehrp·
1096 3319 1219 3446 πυιιέθοιῗ,
1237 3317 1303 3374 teila

130 3391 201 3561 tq>
217 3403 689 3543 ,salernamaraur
743 3405 1223 3542 {recreassemus
1248 3406 1305 3546 ur

129 3530 692 3683 grioqhippqepppqqquqpseqqfflqagqqr
742 3531 1162 3658 hdiesdehthlddbriiiisldliesdubhoi
1175 3551 1306 3673 dddddedt

130 3672 221 3726 Emen
233 3659 396 3727 Lmteradel
414 3672 471 3740 gab
491 3687 520 3726 es
538 3689 569 3726 ιιι
587 3670 689 3741 Sparta
743 3673 799 3726 Der
813 3670 914 3727 Knltus
928 3675 978 3729 dor
997 3674 1037 3728 dii
1049 3674 1156 3744 publici
1174 3690 1233 3728 war
1246 3690 1304 3729 von

129 3742 218 3799 nicht.
744 3742 839 3798 Staats
858 3761 956 3814 wegen
977 3745 1122 3816 geordnet.
1158 3744 1223 3815 Vgl.
1244 3745 1303 3802 Cic.

168 3815 201 3885 ¹⁸)
225 3812 306 3868 Nach
324 3815 449 3883 Thucyd.
469 3813 581 3868 blieben
606 3812 689 3869 beide
743 3813 816 3868 Phil.
834 3815 869 3869 11.
889 3818 966 3883 §aa

129 3884 320 3956 Mitgasandte
331 3884 381 3939 des
391 3884 528 3940 Themist.
538 3885 568 3939 in
576 3885 687 3955 Sparta.
782 3886 814 3954 ¹⁶)
824 3885 893 3941 Eine
903 3885 1076 3942 rhetorische
1084 3877 1303 3956 llbertreibnng.

128 3956 190 4012 Den
226 3958 375 4027 geheimen
401 3956 522 4025 Auftrag
558 3955 622 4010 liele
660 3972 690 4011 er
743 3955 799 4012 Der
824 3958 972 4013 Ausdrnolr
998 3958 1073 4027 palat
1100 3975 1152 4013 nur
1180 3958 1231 4013 auf
1256 3958 1304 4012 die

130 4028 218 4084 durch
236 4028 318 4084 einen
335 4028 423 4082 Boten
442 4028 515 4082 nach
528 4029 622 4083 Athen
640 4044 688 4096 ge·
744 4027 880 4084 Sohlaoht
901 4029 947 4083 bei
971 4028 1105 4097 Salamis,
1128 4031 1195 4084 aber
1222 4029 1305 4084 nicht

128 4098 252 4225 hildold)
269 4169 318 4225 arii
350 4168 413 4224 sind
436 4170 505 4224 hier
535 4169 616 4224 nicht
643 4169 688 4225 dia
742 4098 1336 4227 :qqqqqqolqrzmclqtepeiepqpsrpltppqssqqp‘

130 4172 381 4324 vateilandisohen,
396 4242 517 4324 sondern
530 4241 570 4295 im
580 4239 688 4324 Gogen·
741 4257 798 4297 von
822 4241 872 4297 dar
894 4189 1091 4311 pabieriaien
1113 4243 1207 4298 Bucht
1227 4245 1305 4298 nach

131 4315 205 4367 aatza
229 4332 263 4367 au
285 4313 392 4384 pubhci
415 4314 460 4368 dre
484 4312 622 4386 πατρῷοι,
642 4312 688 4366 dre
743 4313 794 4366 der
811 4313 1056 4369 marathoniechen
1075 4313 1218 4369 Sahlacht.
