2812 4786
128 165 172 229 32
590 162 623 217 X.
652 160 749 216 DION.
774 166 797 214 1.
813 167 837 214 a.

128 328 276 408 celatum,
295 323 522 408 Tiribazusss),
545 323 601 408 qui
620 321 774 387 Sardibus
794 325 951 406 praeerat,
974 319 1143 386 Cononem
1170 320 1305 402 [a392]

128 415 287 500 evocavit,
312 414 467 478 simulans
492 413 532 478 ad
560 432 670 496 regem
693 433 767 476 euin
791 433 825 475 se
853 410 982 474 mittere
1009 409 1092 474 velle
1119 429 1244 493 magna
1267 410 1304 473 de

127 527 170 569 re.
208 502 267 569 Cui
290 503 406 567 nuntio
426 500 538 568 Conon
563 522 681 584 parens
705 522 778 565 oum
797 495 997 583 venisser12),
1019 499 1053 562 in
1076 498 1209 562 vincula
1233 519 1304 562 eon-

92 593 229 658 4iectus
253 595 316 674 est,
340 593 374 655 in
404 591 520 675 quibus
550 589 747 672 aliquamdiu
771 587 842 652 fuit.
887 586 967 652 Inde
990 585 1140 652 nonnulli
1165 608 1241 650 eum
1265 586 1303 651 ad

128 701 243 783 regem.
259 681 432 782 abductum
451 678 711 829 ibiqueperisspl
718 676 874 830 scpiptum
894 676 1120 828 reliduemhj
1134 675 1180 738 At
1197 674 1303 827 Dipfon

129 769 312 940 {dett
335 768 1090 939 sslltlttlltmlt,sterelitatett
1114 785 1247 917 silla?
1262 787 1301 915 ,l

129 931 331 1029 imprudente
355 947 398 1010 sit
420 941 596 1029 factumst).

612 1283 654 1355 X.
692 1281 819 1353 DION.

96 1438 110 1486 1
218 1421 243 1486 I.
265 1420 361 1505 Dion,
380 1420 553 1505 Hipparini
572 1420 668 1504 filius,
687 1418 919 1504 Syracusanus,
938 1416 1040 1482 nobili
1060 1438 1179 1501 genere
1198 1422 1301 1499 natus,

130 1514 266 1592 utraque
289 1509 352 1573 fuit
376 1507 592 1594 implicatus1)
616 1508 791 1592 tyrannide
811 1507 1051 1590 Dionysiorum.
1082 1504 1233 1590 Namque
1252 1506 1301 1570 ille

131 1595 309 1684 superiorl)
330 1598 588 1683 Aristomachen,
604 1619 747 1662 sororem
763 1595 886 1674 Dionis,
907 1595 1021 1658 habuit
1035 1595 1070 1657 in
1084 1596 1301 1677 matrimonio,

131 1709 168 1750 ex
188 1708 251 1770 qua
269 1686 349 1752 duos
368 1688 462 1771 filios,
482 1686 700 1771 Hipparinum
719 1690 751 1750 et
767 1684 932 1762 Nisaeum,
951 1683 1133 1766 procreavit
1153 1683 1301 1747 totidem·

131 1797 192 1860 que
220 1775 317 1860 filias,
340 1776 471 1840 nomine
500 1773 730 1860 Sophrosynen
763 1777 797 1837 et
825 1774 961 1854 Areten,
994 1793 1129 1855 quarum
1164 1773 1301 1855 priorem

131 1865 289 1947 Dionysio
319 1865 401 1948 filio,
429 1864 548 1946 eidem,
579 1864 630 1927 cui
661 1883 796 1947 regnum
825 1861 971 1944 reliquit,
1000 1862 1137 1942 nuptum
1170 1859 1301 1945 deditl),

95 1970 111 2018 a
132 1953 276 2028 alteram,
293 1952 424 2036 Areten,
442 1950 549 2016 Dioni.
578 1951 665 2015 Dion
684 1956 792 2015 autem
811 1954 942 2033 praeter
961 1968 1153 2032 generosam
1171 1951 1301 2035 propin-

131 2039 288 2123 quitatem
317 2040 523 2123 nobilemque
547 2040 705 2103 maiorum
734 2039 854 2103 famam
877 2038 997 2102 multas
1026 2037 1107 2100 alias
1131 2059 1150 2100 a
1175 2059 1209 2101 se
1234 2040 1299 2122 ipse

130 2128 245 2192 habuit
264 2127 570 2206 commendationes,
590 2128 624 2191 in
643 2128 694 2191 his
713 2128 880 2211 ingenium
900 2125 1012 2207 docile,
1031 2121 1164 2211 come4),
1188 2132 1299 2210 aptum

131 2216 171 2280 ad
200 2220 286 2280 artes
314 2217 468 2301 optimas,
496 2238 649 2302 magnam
678 2217 823 2301 corporis
852 2211 1090 2301 dignitatem5),
1122 2234 1205 2297 quae
1238 2236 1301 2279 non

131 2305 298 2369 minimum
314 2306 527 2386 commendat,
544 2325 681 2388 magnas
695 2308 863 2389 praeterea
878 2303 1008 2368 divitias
1024 2324 1043 2365 a
1056 2305 1148 2385 patre
1164 2303 1300 2388 relictas,

97 2413 113 2461 3
133 2416 213 2478 quas
231 2395 302 2477 ipse
321 2397 452 2477 tyranni
470 2395 658 2458 muneribus
679 2389 853 2478 auxerat⁶).
885 2391 967 2455 Erat
985 2391 1119 2454 intimus
1142 2389 1301 2476 Dionysio

132 2483 240 2566 priori,
262 2480 399 2568 nequell
423 2484 530 2547 minus
554 2485 689 2566 propter
713 2504 818 2546 mores
842 2502 939 2564 quam
962 2478 1163 2543 affinitatem.
1202 2479 1299 2544 Nam·

131 2592 193 2653 que
217 2573 277 2634 etsi
298 2570 445 2654 Dionysii
469 2572 642 2636 crudelitas
667 2572 696 2636 ei
720 2569 921 2654 displicebat,
944 2571 1054 2632 tamen
1078 2567 1206 2633 salvum
1232 2590 1299 2633 eum
1344 2563 1347 2576 ⁴

131 2680 200 2722 esse
223 2663 355 2742 propter
377 2659 659 2743 necessitudinem,
683 2659 788 2744 magis
807 2659 904 2722 etiam
925 2678 1056 2720 suorum
1076 2678 1174 2720 causa
1196 2657 1300 2721 stude·

130 2747 196 2811 bat.
236 2747 359 2812 Aderat
381 2749 415 2810 in
439 2749 565 2832 magnis
589 2749 696 2830 rebus,
719 2750 850 2831 eiusque
874 2745 1009 2811 consilio
1034 2744 1173 2809 multum
1198 2767 1300 2810 move·

131 2835 227 2898 batur
255 2840 426 2919 tyrannus,
448 2835 511 2899 nisi
540 2857 605 2919 qua
632 2837 665 2899 in
693 2858 726 2900 re
757 2836 860 2900 maior
888 2834 989 2918 ipsius
1018 2831 1176 2917 cupiditas
1204 2834 1301 2898 inter·

94 2929 278 2990 ecesserat.
311 2922 508 3007 Legationes
532 2945 608 2988 vero
633 2945 755 3008 omnes,
779 2946 861 3007 quae
887 2926 995 2988 essent
1018 2922 1223 3001 illustriores,
1247 2944 1302 3008 per

130 3011 270 3077 Dionem
285 3012 608 3076 administrabantur:
623 3034 703 3096 quas
718 3012 847 3096 quidem
862 3011 918 3076 ille
933 3006 1140 3097 diligenter⁸)
1154 3011 1302 3076 obeundo

97 3120 113 3168 o
133 3101 389 3166 crudelissimum
413 3123 531 3167 nomen
558 3102 692 3185 tyranni
716 3123 774 3166 sua
796 3100 1001 3165 humanitate
1029 3098 1180 3163 leniebat.
1226 3096 1302 3164 Oar-

173 3329 205 3397 l¹)
223 3328 396 3398 Nachfolger
414 3330 463 3383 des
482 3328 665 3384 Tithraustes.
782 3327 803 3397 ⁶)
819 3328 904 3382 Sonst
912 3325 951 3381 ist
961 3324 1085 3393 dignitas
1096 3325 1141 3379 die
1150 3324 1305 3394 politisohe

171 3399 205 3466 Π)
216 3398 311 3454 Conon
321 3401 386 3454 kam
394 3399 531 3454 vielmehr
538 3400 691 3455 vonAthen
744 3399 802 3453 und
816 3397 918 3452 sociale
934 3396 1069 3463 Stellunoe‚
1083 3412 1221 3465 wogegen
1240 3413 1306 3465 gra-

133 3470 175 3525 als
190 3468 346 3524 Gesandter
360 3470 555 3537 zuriribazua
569 3489 616 3525 um
627 3471 691 3524 dem
744 3469 819 3525 vitas
856 3468 995 3523 sittlicher
1031 3465 1114 3520 Ernst
1149 3467 1207 3520 und
1244 3469 1304 3521 ent

132 3539 269 3616 Einflusse
299 3541 348 3594 des
374 3541 555 3610 geschichten
579 3540 690 3595 laceda-
745 3539 915 3609 sprechende
934 3538 1042 3592 torsere
1057 3537 1170 3591 Wurde.
1198 3536 1306 3606 Magna

132 3608 691 3666 monisonenUnterhAndlersAntalcidas
744 3626 819 3679 corp.
849 3609 925 3679 dign.
952 3609 1028 3662 kann
1055 3608 1134 3680 indes
1165 3624 1220 3662 nur
1258 3608 1304 3663 ein

133 3697 167 3735 en
201 3697 273 3747 egen
291 3697 324 3734 zu
342 3681 476 3736 arbeiten.
743 3681 876 3750 Achtung
894 3679 1075 3750 gebietendes
1094 3668 1211 3732 Aulsere
1234 3679 1303 3733 sein.

171 3752 180 3781 ¹
193 3754 203 3818 )
217 3750 255 3804 Er
264 3750 332 3805 land
341 3750 415 3806 noch
424 3750 691 3806 einmalAufnahme
744 3750 809 3820 Vgl.
825 3751 922 3806 Them.
930 3749 979 3818 VI,
995 3756 1019 3816 1,
1032 3766 1076 3804 wo
1091 3767 1120 3804 es
1135 3747 1304 3816 Grossartig-

132 3822 179 3877 bei
192 3821 337 3892 Euagorae
351 3820 403 3876 auf
414 3821 522 3892 prern
541 3822 599 3876 und
613 3822 690 3877 starb
745 3822 875 3877 keitund
890 3820 994 3875 Praoht
1007 3819 1053 3876 ist.
1072 3807 1212 3890 llbrigens
1226 3819 1305 3890 passt

133 3892 260 3947 daselbst
277 3892 345 3948 bald
363 3910 399 3948 an
414 3893 491 3948 einer
505 3891 670 3948 Kranlrheit.
745 3894 835 3948 dieser
844 3893 939 3947 Punlrt
947 3892 1000 3945 wie
1016 3892 1065 3945 der
1076 3890 1209 3961 folgende
1223 3890 1305 3945 nicht

171 3965 190 4031 ¹)
209 3962 291 4019 Anm.
310 3983 344 4018 zu
363 3964 446 4018 Paus.
465 3964 512 4033 IV,
531 3971 555 4019 6.
742 3963 822 4019 mehr
840 3963 891 4018 auf
907 3963 961 4016 den
979 3961 1105 4044 Knaben.

170 4035 192 4137 ξ)
210 4035 360 4104 Dionysius
378 4035 399 4103 l,
418 4040 568 4091 406-367.
764 4033 802 4117 ,6)
822 4032 901 4121 Ohne
912 4032 1302 4116 denrelatryenssusatzytre

168 4108 191 4246 l
743 4103 1304 4244 seclusarum

131 4266 164 4301 au
196 4247 340 4317 berichen,
374 4248 433 4302 also
461 4248 582 4316 „willig,
609 4248 689 4302 lenk-
781 4248 801 4314 ⁷)
821 4248 901 4328 Anm.
920 4265 955 4300 zu
972 4245 1055 4313 Ages.
1071 4244 1118 4314 VI,
1137 4250 1162 4301 3.

132 4322 216 4372 sam“.
780 4319 802 4387 ⁸)
820 4317 892 4386 „Mrt
909 4315 1019 4370 Ernst.“
