2812 4786
132 185 176 249 22
523 183 581 238 Vll.
609 181 830 238 ALCIBIADES.
852 189 878 237 3.
892 187 917 237 4.

96 347 310 413 aMercuriua
341 345 518 411 Andocidis
548 342 792 430 vocitabatur0).
837 342 910 410 Hoc
939 365 1011 409 cum
1042 348 1216 427 appareret
1243 363 1308 407 non

134 437 201 502 sine
228 455 349 520 magna
372 434 548 499 multorum
572 433 784 497 consensione
808 454 878 497 esse
902 433 1040 514 factum,
1068 453 1150 516 quac
1175 432 1217 496 ad
1241 453 1308 496 rem

135 525 298 609 publicam
320 525 505 608 pertineret,
528 541 665 604 magnus
690 520 889 585 multitudini
911 521 1010 586 timor
1029 525 1079 585 est
1097 519 1248 606 iniectus,
1269 541 1309 607 ne

136 635 200 698 qua
221 613 392 696 repentina
410 612 459 675 vis
481 612 516 674 in
539 610 670 675 civitate
690 610 868 691 exsisteret,
892 630 974 693 quae
997 608 1183 674 libertatem
1202 608 1307 693 oppri-

98 704 245 765 4meret.
292 703 399 784 Atque
420 699 454 763 id
478 698 616 763 maxime
640 698 809 763 convenire
837 698 871 762 in
894 696 1097 763 Alcibiadem
1126 697 1308 782 videbatur,

135 788 220 872 quod
247 793 281 852 et
311 789 476 872 potentior
504 792 537 852 et
569 786 686 869 maior,
714 809 812 870 quam
839 790 877 851 ut
908 787 1052 870 privatus
1086 808 1156 850 ease
1189 791 1308 872 posset,

136 876 394 941 existimabatur:
414 876 533 941 multos
552 876 637 940 enim
654 875 850 939 liberalitate
866 875 1061 953 devinxerat,
1078 876 1190 959 plures
1210 876 1307 941 etiam

99 980 234 1049 sopora
263 965 384 1030 forensi
414 987 489 1030 suos
519 963 717 1047 reddiderat,
748 967 785 1028 ut
815 964 959 1028 omnium
990 964 1113 1047 oculos,
1144 965 1307 1047 quotiens-

135 1076 271 1138 cumque
294 1055 327 1118 in
350 1054 515 1137 publicum
538 1050 708 1136 prodisset,
732 1053 772 1116 ad
796 1074 830 1116 se
850 1056 1052 1117 converteret
1073 1073 1178 1136 neque
1198 1053 1228 1117 ei
1252 1075 1308 1137 par

135 1143 306 1227 quisquam
337 1143 371 1206 in
399 1141 531 1207 civitate
560 1145 743 1224 poneretur.
787 1138 903 1224 Itaque
930 1163 996 1205 non
1025 1141 1130 1205 solum
1158 1141 1304 1225 spemin

134 1227 203 1315 eo⁷)
227 1231 393 1296 habebant
420 1230 608 1310 maximam,
632 1228 688 1292 sed
711 1229 809 1293 etiam
832 1228 999 1312 timorem,
1023 1229 1108 1313 quod
1132 1234 1165 1293 et
1195 1230 1306 1296 obesse

98 1319 307 1402 eplurimum
335 1323 368 1382 et
395 1317 548 1401 prodesse
574 1321 714 1400 poterat.
759 1318 1006 1402 Aspergebatur
1037 1317 1135 1381 etiarn
1164 1318 1306 1402 infamia,

134 1406 218 1490 quod
241 1408 275 1470 in
298 1408 393 1472 domo
418 1427 478 1470 sua
499 1407 604 1471 facere
629 1406 785 1488 mysteria
809 1406 987 1471 dicebatur:
1013 1407 1098 1490 quod
1121 1406 1215 1470 nefas
1239 1413 1306 1472 erat

134 1516 224 1559 more
243 1494 503 1579 Atheniensium,
526 1494 621 1579 idque
643 1516 711 1558 non
735 1496 775 1558 ad
799 1495 1002 1580 religionem,
1025 1495 1080 1558 sed
1100 1495 1140 1558 ad
1164 1496 1306 1560 coniura

134 1583 258 1648 tionem
282 1585 444 1668 pertinere
467 1583 724 1648 existimabatur.

101 1686 114 1734 1
223 1670 281 1739 IV.
318 1673 389 1739 Hoc
412 1672 547 1737 crimine
570 1672 605 1735 in
628 1672 779 1737 contione
803 1671 843 1735 ab
872 1671 1013 1736 inimicis
1041 1671 1306 1754 compellabatur.

135 1758 197 1825 Sed
220 1762 365 1827 instabat
392 1766 521 1845 tempus
546 1761 586 1824 ad
610 1759 732 1825 bellum
756 1759 988 1843 proficiscendi.
1033 1759 1071 1823 Id
1093 1759 1149 1824 ille
1178 1759 1306 1826 intuens

135 1871 237 1932 neque
269 1851 425 1935 ignorans
453 1850 571 1915 civium
600 1870 732 1913 suorum
759 1846 1023 1914 consuetudinem
1047 1848 1252 1933 postulabat,
1282 1849 1307 1913 si

136 1937 213 2020 quid
237 1938 275 2002 de
296 1961 330 2002 se
354 1938 408 2023 agi
426 1938 556 2020 vellent,
578 1938 687 2020 potius
706 1937 744 2000 de
768 1941 939 2020 praesente
958 1936 1106 2021 quaestio
1125 1937 1308 2021 haberetur,

100 2039 234 2107 aquam
258 2027 374 2090 absens
402 2025 543 2090 invidiae
568 2024 700 2089 crimine
724 2031 937 2090 accusaretur.
982 2024 1111 2090 Inimici
1141 2047 1217 2091 vero
1241 2027 1305 2092 eius

134 2112 362 2196 quiescendum
370 2111 406 2198 ⁸),
425 2114 501 2198 quia
524 2113 634 2178 noceri
653 2113 683 2176 ei
701 2135 768 2178 non
787 2135 883 2200 posse
902 2113 1146 2199 intellegebant,
1169 2120 1204 2178 et
1226 2113 1307 2179 illud

133 2207 261 2286 tempus
285 2202 536 2286 exspectandum
560 2202 783 2287 decreverunt,
806 2224 868 2286 quo
893 2202 1007 2267 classis
1031 2204 1164 2287 exisset,
1193 2207 1230 2268 ut
1253 2204 1306 2268 ab

98 2296 260 2356 asentem
289 2291 557 2377 aggrederentur,
580 2290 691 2374 itaque
718 2290 872 2356 fecerunt.
917 2288 1004 2355 Nam
1031 2297 1208 2376 postquam
1232 2290 1307 2358 Sici·

133 2379 212 2444 liam
241 2401 314 2444 eum
341 2378 525 2465 pervenisse
556 2379 775 2460 crediderunt,
804 2379 987 2461 absentem,
1011 2380 1096 2463 quod
1124 2402 1219 2445 saera
1242 2382 1306 2446 vio·

134 2468 243 2551 lasset,
261 2491 352 2533 reum
371 2468 524 2535 facerunt.
554 2467 624 2543 Qua
639 2467 678 2532 de
696 2490 819 2532 recum
839 2469 868 2532 ei
887 2469 1021 2532 nuntius
1042 2491 1061 2533 a
1079 2465 1306 2555 magistratu⁹)

133 2557 168 2620 in
191 2554 336 2622 Siciliam
360 2559 479 2622 missus
499 2562 594 2641 esset,
617 2561 655 2620 ut
677 2557 810 2621 domum
834 2556 875 2620 ad
894 2577 1026 2621 causam
1045 2557 1216 2622 dicendam
1239 2558 1307 2622 red·

133 2645 209 2728 iret,
237 2651 385 2730 essetque
412 2647 446 2709 in
474 2666 594 2730 magna
617 2667 674 2728 spe
697 2646 884 2730 provinciae
913 2646 996 2709 bene
1026 2645 1308 2725 administrandae,

134 2753 200 2796 non
227 2754 341 2815 parere
368 2734 472 2798 noluit
499 2741 532 2797 et
561 2734 596 2797 in
622 2733 801 2816 triremem,
826 2755 907 2817 quae
937 2733 978 2797 ad
1001 2755 1074 2797 eum
1103 2737 1173 2798 erat
1195 2734 1308 2819 depor-

98 2821 270 2884 ttandum
298 2822 411 2905 missa,
439 2821 591 2885 ascendit.
635 2820 707 2885 Hac
735 2821 877 2887 Thurios
906 2822 941 2885 in
969 2819 1099 2887 Italiam
1130 2829 1310 2907 pervectus,

135 2909 241 2972 multa
264 2930 373 2974 secum
395 2914 549 2992 reputans
573 2910 612 2973 de
635 2910 847 2975 immoderata
870 2911 990 2975 civium
1018 2933 1149 2975 suorum
1176 2911 1310 2976 licentia

136 2997 387 3081 crudelitateque
410 2998 445 3062 in
467 2997 604 3080 nobiles,
627 2997 837 3062 utilissimum
862 3003 953 3063 ratus
976 2999 1220 3083 impendentem
1245 3001 1312 3064 evi-

135 3091 205 3151 tare
228 3090 458 3170 tempestatem
481 3087 564 3151 clam
584 3108 618 3150 se
637 3087 678 3151 ab
702 3087 891 3152 custodibus
915 3086 1068 3152 subduxit
1091 3089 1220 3153 atinde
1244 3091 1312 3173 pri·

99 3186 116 3236 t
135 3197 224 3240 mum
241 3175 379 3260 Elidem,
398 3176 473 3241 dein
490 3174 619 3239 Thebas
627 3171 666 3261 1⁰)
687 3174 784 3240 venit.
813 3174 989 3260 Postquam
1009 3180 1118 3241 autem
1137 3198 1171 3241 se
1190 3178 1312 3262 capitis

134 3263 321 3329 damnatum
341 3265 434 3331 bonis
453 3264 629 3349 publicatis
649 3263 782 3348 audivit,
800 3269 842 3349 et,
868 3264 901 3328 id
921 3264 1006 3348 quod
1025 3287 1189 3349 nunquam
1210 3271 1313 3331 antea

135 3373 195 3416 usu
215 3360 357 3437 venerat,
374 3353 591 3439 Eumolpidas
615 3352 798 3417 sacerdotes
818 3375 837 3416 a
855 3353 977 3437 populo
997 3360 1126 3418 coactos
1144 3357 1180 3418 ut
1199 3375 1235 3418 se
1255 3353 1312 3419 de·

134 3447 297 3524 voverent,
315 3443 447 3526 eiusque
462 3441 645 3507 devotionis
660 3463 725 3525 quo
744 3442 897 3506 testatior
915 3445 1002 3505 esset
1022 3442 1187 3526 memoria,
1202 3463 1313 3508 exem·

135 3528 225 3611 plum
248 3531 283 3592 in
311 3529 378 3613 pila
404 3531 532 3614 lapidea
558 3530 696 3595 incisum
720 3551 791 3594 esse
814 3531 957 3614 positum
980 3530 1015 3594 in
1037 3531 1183 3615 publico,
1207 3530 1311 3596 Lace-

100 3629 116 3677 e
135 3616 324 3682 daemonem
347 3618 550 3703 demigravit.
586 3618 651 3696 lbi,
674 3621 711 3681 ut
733 3620 802 3701 ipse
825 3617 1011 3701 praedicare
1035 3626 1218 3704 consuerat,
1242 3641 1316 3686 non

172 3841 194 3912 ⁰)
206 3841 693 3925 GesetztwarerniobtvonAndoc,
784 3845 807 3915 ⁹)
825 3844 895 3928 D3h.
906 3861 972 3900 vom
985 3841 1080 3936 cippus
1099 3843 1245 3916 βασιλεύς,
1264 3845 1315 3929 bei

136 3914 257 4017 sopdern
275 3931 330 3969 von
353 3916 402 3968 der
424 3917 575 3985 ageuchen
596 3914 693 3984 Phyle.
749 3917 814 3970 dem
828 3916 874 3970 dre
891 3915 1002 3986 γραφαὶ
1015 3918 1147 3988 ασεβείας
1165 3916 1316 3988 anhtngrg

173 3988 194 4124 ⁸l
212 3984 562 4112 lliemldlidililldtciorlvdds
577 4056 694 4139 Verbal·
748 3987 1025 4138 gepppdffitwurfflqqq,
1053 4056 1172 4126 Angaba
1199 4057 1314 4113 stimmt

135 4127 250 4208 begrrffs
280 4128 488 4196 „einatwerlom
517 4129 620 4194 noch“‚
649 4129 694 4182 dre
747 4130 835 4197 XI,3
859 4130 982 4184 uberem.
1020 4130 1082 4185 Von
1107 4130 1214 4184 andern
1238 4129 1312 4184 wird

136 4214 175 4276 rm
189 4196 349 4253 Deutsohen
363 4198 575 4282 ‘ausdruclrlicht
584 4201 694 4280 gesetat
747 4199 838 4283 Argos
857 4202 982 4268 genannt
1000 4202 1071 4255 statt
1085 4199 1221 4287 rnaben,
1233 4200 1313 4282 Aber

136 4268 694 4412 uranturreddetur
745 4270 940 4400 trust?
973 4270 1081 4326 ⁶²m²¹⁵
1113 4288 1153 4324 ¹¹³
1180 4269 1311 4326 ΒΜ
