2812 4786
171 170 214 236 58
376 169 449 225 XVI.
480 168 691 225 PELOPIDAS.
715 172 741 223 ὁ.
777 166 863 223 XVII.
883 165 1094 222 lausanna.
1118 172 1142 221 1.

138 348 154 398 3
175 331 334 398 Omnibus
357 334 526 415 praeterea
553 331 622 396 eius
645 330 797 412 periculis
821 329 933 394 adfuit.
980 325 1071 394 Sicut
1094 325 1247 412 Spartam
1274 350 1351 394 cum

173 421 375 506 oppugnavit
382 417 430 505 ¹³),
454 420 523 504 ipse
543 421 680 485 alterum
702 420 809 484 tenuit
827 421 946 502 cornu,
959 438 1086 501 quoque
1104 416 1186 483 Mes·
1207 417 1251 500 [a.
1266 419 1351 500 370]

173 532 250 575 sena
279 510 320 574 ab
350 509 406 573 illo
434 509 587 573 restituta
609 507 712 572 tutior
735 510 833 591 esset,
860 507 989 591 legatus
1011 505 1046 569 in
1068 505 1187 571 Persas
1207 507 1250 586 [a.
1266 507 1348 588 367]

173 604 223 663 est
251 597 423 681 proiectus.
469 597 616 680 Denique
643 596 722 661 haec
753 596 815 660 fnit
837 595 941 660 altera
964 615 1103 679 persona
1126 595 1264 678 Thebis,
1293 599 1350 660 sed

172 691 282 752 tamen
305 687 362 769 ita,
385 690 421 749 ut
443 686 592 768 proxima
614 686 700 749 esset
722 683 976 769 Epaminondae.
1106 753 1111 763 ,

137 789 151 837 1
261 773 301 840 V.
338 772 551 839 Conflictatus
580 780 688 839 autem
715 779 766 837 est
789 773 888 837 etiam
912 771 1047 837 adversa
1072 769 1213 837 fortuna.
1259 771 1352 839 Nam

173 868 206 928 et
227 862 336 946 initio,
359 863 443 928 sicut
465 861 680 944 ostendimus,
703 862 793 926 exsul
816 863 924 945 patria
946 861 1051 926 caruit
1072 862 1119 944 et,
1146 881 1219 924 cnm
1245 859 1350 926 Thes-

173 951 289 1016 saliam
316 952 351 1015 in
383 955 579 1035 potestatem
607 950 835 1015 Thebanorum
867 953 998 1033 cuperet
1029 945 1220 1034 redigerel4)
1257 949 1351 1034 lega·

170 1039 334 1123 tionisque
357 1040 425 1104 inre
449 1041 529 1105 satis
552 1042 673 1104 tectum
696 1059 730 1104 se
750 1038 971 1119 arbitraretur,
994 1036 1081 1120 quod
1099 1037 1186 1120 apud
1205 1039 1249 1118 [a.
1264 1039 1348 1121 368]

171 1131 436 1281 atttriti
454 1123 1350 1298 tritt?ttsstttt?littttttttt

137 1310 230 1370 aest.
276 1305 492 1388 Recuperavit
519 1326 592 1368 eum
620 1304 706 1368 bello
733 1325 929 1389 persequens
953 1303 1173 1367 Alexandrum
1202 1304 1244 1384 [a
1264 1305 1350 1387 367]

172 1392 424 1478 Epaminondas.
458 1392 539 1458 Post
560 1392 595 1457 id
617 1392 738 1456 factum
761 1414 938 1476 numquam
962 1391 1070 1457 auimo
1089 1391 1213 1476 placari
1235 1395 1353 1476 potuit

170 1481 206 1544 in
235 1502 323 1564 eum,
351 1503 370 1545 a
397 1503 460 1566 quo
483 1484 561 1546 erat
587 1480 736 1545 violatur.
785 1480 900 1565 Itaque
931 1481 1093 1564 persuasit
1115 1478 1282 1546 Thebanis
1310 1486 1353 1547 ut

172 1568 317 1633 subsidio
340 1568 527 1634 Thessaliae
554 1569 833 1653 proficiscerentur
860 1574 1083 1654 tyrannosque
1110 1569 1177 1632 eius
1193 1565 1245 1648 ⁵[a'.
1265 1571 1350 1653 364]

137 1658 378 1741 oexpellerent.
425 1655 524 1723 Cuius
553 1659 630 1723 belli
655 1680 727 1723 cum
750 1659 780 1723 ei
804 1680 930 1723 summa
953 1661 1037 1722 esset
1061 1656 1180 1737 delata,
1209 1679 1248 1721 eo
1272 1681 1351 1724 cum

172 1748 313 1812 exercitu
340 1746 504 1831 proiectus
532 1768 598 1811 non
622 1747 797 1831 dubitavit,
825 1746 921 1810 simul
950 1768 987 1811 ac
1008 1746 1178 1828 conspexit
1205 1744 1352 1831 hostem,

135 1835 353 1918 econfligere.
399 1834 439 1899 In
466 1857 529 1921 quo
559 1835 683 1919 proelio
711 1834 935 1899 Alexandrum
962 1838 1000 1898 ut
1026 1832 1269 1917 animadvertit,
1296 1836 1352 1900 ira

172 1924 322 1989 incensus
346 1945 462 2007 equum
491 1925 524 1988 in
548 1945 622 1988 eum
645 1923 821 1989 concitavit
843 1923 1016 2007 proculque
1047 1922 1210 2005 digressus
1233 1945 1255 1987 a
1278 1925 1352 1990 suis

172 2012 318 2075 coniectu
336 2012 474 2076 telorum
493 2012 663 2077 confossus
682 2012 830 2076 concidit
867 2013 974 2095 Atque
999 2010 1138 2076 secunda
1156 2010 1190 2075 id
1206 2012 1352 2078 victoria

16 2119 21 2129 ·
136 2099 304 2164 caecidit:
336 2121 412 2163 nam
443 2100 510 2164 iam
537 2100 710 2165 inclinatae
743 2104 835 2165 erant
862 2103 1076 2182 tyrannorum
1103 2100 1223 2184 copiae.
1273 2100 1350 2177 Quo

171 2187 259 2252 facto
282 2208 394 2252 omnes
413 2187 601 2253 Thessaliae
620 2187 768 2253 civitates
787 2189 990 2253 interfectum
1006 2188 1195 2270 Pelopidam
1214 2192 1350 2255 coronis

172 2277 278 2341 aureis
307 2280 339 2341 et
362 2277 480 2343 statuis
504 2277 613 2342 eineis
637 2276 819 2360 liberosque
847 2277 915 2341 eius
938 2277 1041 2342 multo
1068 2295 1147 2360 agro
1171 2276 1351 2344 donarunt.

540 2615 652 2688 XVII.
698 2614 975 2689 AGESILAUS.

137 2768 151 2816 1
260 2751 285 2816 Ι.
321 2751 494 2839 Agesilaus
522 2753 795 2819 Lacedaemonius
828 2776 900 2819 cum
933 2776 953 2818 a
980 2755 1093 2820 ceteris
1121 2755 1353 2841 scriptoribus,

169 2844 241 2905 tum
265 2840 378 2905 eximie
402 2863 421 2905 a
443 2841 659 2925 Xenophonte
683 2840 848 2908 Socratico
873 2843 1074 2908 collaudatus
1097 2845 1160 2907 est:
1188 2864 1225 2908 eo
1256 2845 1350 2909 enim

135 2944 249 2993 ausus
273 2931 323 2992 est
344 2928 605 2994 familiarissime.
645 2929 790 2994 Primum
813 2944 886 2995 cum
905 2930 1112 3014 Leotychide,
1136 2930 1246 2996 fratris
1266 2932 1350 3018 filio,

170 3016 208 3081 de
231 3038 332 3102 regno
356 3017 473 3083 habuit
496 3017 745 3083 contentionem.
787 3018 863 3087 Mos
888 3020 973 3083 enim
997 3017 1098 3106 erat¹)
1122 3042 1142 3083 a
1165 3019 1349 3086 maioribus

169 3104 432 3172 Lacedaemoniis
450 3106 599 3191 traditus,
617 3109 654 3170 ut
669 3106 748 3172 duos
769 3128 895 3192 semper
910 3109 1068 3172 haberent
1085 3108 1214 3173 nomine
1232 3109 1349 3194 magis

168 3216 266 3278 qnam
284 3195 421 3281 imperio
441 3217 544 3282 reges,
567 3217 607 3260 ex
625 3195 750 3260 duabus
769 3194 901 3260 familiis
920 3195 1044 3261 Proclis
1063 3200 1096 3261 et
1115 3195 1347 3280 Eurysthenis,

131 3284 496 3438 ahtmiitipiieli
519 3283 884 3438 lmttssttt‘tllt
903 3281 1166 3459 illitati?
1180 3284 1348 3439 trit

107 3562 111 3568 ·
207 3544 239 3612 13)
264 3543 352 3598 Reine
380 3545 632 3615 Zeitbestimmung
663 3564 725 3600 aum
777 3546 885 3618 jungeri
912 3545 1059 3618 Philippus
1091 3546 1133 3602 als
1164 3546 1260 3602 (loisel
1292 3549 1351 3605 mit

167 3613 349 3684 Hauptsatze.
409 3615 592 3686 Oppugnaret
632 3617 726 3671 wurde
780 3619 854 3673 nach
873 3618 988 3674 Theben
1005 3618 1150 3687 gebracht,
1174 3617 1243 3688 ging
1269 3620 1349 3676 daun

168 3685 295 3766 zugleich
327 3685 373 3740 ein
403 3686 533 3741 kausales
563 3685 727 3741 Verhtltnis
780 3686 885 3743 wieder
917 3694 969 3743 368
1002 3688 1047 3743 als
1079 3689 1235 3744 Gesandter
1270 3693 1349 3746 nach

167 3756 306 3810 amachan
330 3755 432 3811 beiden
453 3756 642 3825 Handlungen
665 3775 726 3812 aus-
782 3759 965 3814 Macedonian
996 3759 1055 3814 und
1085 3761 1181 3814 wurde
1214 3759 1267 3814 auf
1296 3762 1350 3816 der

168 3825 301 3882 drtioken.
780 3829 932 3884 ltnolrlrehr
956 3830 986 3884 in
1009 3829 1174 3886 Thessalica
1202 3830 1349 3902 galangen

206 3897 239 3964 1⁴)
258 3895 296 3952 Er
322 3898 402 3954 haue
428 3896 533 3953 bereits
561 3897 612 3952 aui
636 3898 727 3954 cinam
781 3916 955 3970 genommen.

168 3967 312 4038 Heerange
351 3985 443 4039 gegen
477 3968 638 4025 Alexander
672 3986 728 4025 ron
821 3972 841 4041 ¹)
865 3971 918 4026 Zur
940 3970 1002 4026 Zeit
1027 3971 1076 4026 des
1099 3973 1194 4041 Nepos
1221 3971 1349 4028 bestand

167 4039 333 4095 Pharaoni)
357 4041 454 4095 diesen
492 4041 649 4109 edemfitigt
670 4041 727 4095 und
783 4040 860 4096 disse
905 4041 1093 4114 llinrichtung
1133 4043 1214 4098 nicht
1254 4046 1347 4099 mehr.

168 4110 213 4165 die
245 4111 448 4166 thessalischen
471 4058 572 4166 tauto
603 4111 654 4165 auf
682 4111 728 4166 die
781 4113 839 4168 Der
869 4113 955 4168 letata
986 4112 1080 4184 Kenig
1112 4130 1163 4168 ans
1193 4115 1258 4169 dem
1290 4115 1347 4170 Hs·

167 4182 351 4237 thebanische
380 4183 456 4236 Seite
488 4197 622 4252 gezogen‚
656 4181 728 4237 auch
782 4183 1025 4240 raclidenstamme
1074 4201 1132 4239 war
1178 4183 1344 4241 Cleomenes

168 4251 209 4306 als
220 4252 378 4308 Gesandter
386 4251 690 4321 Thronstreitiglreiten
699 4254 727 4307 in
782 4253 844 4320 111,
882 4253 924 4308 bis
957 4273 1004 4309 aur
1036 4255 1171 4310 Schlaoht
1204 4254 1251 4310 bei
1285 4255 1346 4312 Sel-

167 4322 349 4378 Macedonien
377 4323 566 4392 geschliohtet
590 4324 647 4378 und
674 4324 728 4379 den
782 4324 854 4380 lasia
872 4331 933 4383 221.
