2812 4786
470 172 516 226 VI.
543 170 748 227 LYSANDER.
771 178 795 228 2.
811 178 836 227 3.
1195 174 1237 238 19

63 336 155 422 agris
174 335 409 419 dispalatorum
427 356 527 399 naves
546 335 579 398 in
597 334 743 399 hostium
762 334 911 398 venirent
928 337 1134 418 potestatem.
1166 334 1236 411 Quo

62 426 153 491 facto
176 423 393 488 Athenienses
418 444 452 487 se
475 421 741 487 Lacedaemoniis
765 422 963 487 dediderunt.
1008 421 1079 489 Hac
1105 425 1234 506 [a.404]
1257 439 1276 488 3-

61 513 203 580 victoria
230 511 397 595 Lysander
424 512 542 590 elatus,
566 533 638 576 cum
667 514 762 575 antea
792 533 919 596 semper
942 511 1097 577 factiosus
1121 513 1238 577 audax·

62 625 126 688 que
146 601 270 682 fuisset,
293 599 339 665 sic
358 601 421 664 sibi
441 600 587 683 indulsit,
610 603 647 664 ut
666 601 735 664 eius
755 621 853 684 opera
875 601 911 664 in
930 601 1107 665 maximum
1127 601 1237 666 odium

63 691 218 756 Graeciae
245 688 490 753 Lacedaemonii
517 688 729 772 pervenirent.
774 686 861 752 Nam
889 711 961 755 cum
990 688 1074 754 hanc
1106 703 1275 754 causam4

60 777 313 844 Lacedaemonii
336 776 542 842 dictitassent
566 777 628 841 sibi
647 798 717 841 esse
740 777 829 859 belli,
852 781 888 841 ut
905 776 1156 842 Atheniensium
1177 779 1236 842 im·

60 862 266 953 potenteml)
301 866 557 930 dominationem
594 865 823 950 refringerent,
860 865 1028 949 Lysander
1064 870 1237 951 postquam

62 957 151 1040 apud
181 954 292 1040 Aegos
324 954 443 1017 flumen
476 955 579 1018 classe
607 954 752 1018 hostium
785 959 835 1018 est
862 954 999 1037 potitus,
1031 955 1113 1018 nihil
1150 955 1237 1020 aliud

61 1045 199 1110 molitus
223 1046 280 1125 est,
304 1064 402 1126 quam
425 1046 462 1106 ut
481 1064 593 1107 omnes
612 1042 760 1107 civitates
778 1043 814 1107 in
837 1064 895 1106 sna
918 1045 1043 1106 teneret
1064 1046 1236 1127 potestate,

62 1156 138 1199 eum
162 1133 195 1196 id
218 1154 253 1196 se
276 1130 603 1195 Lacedaemoniorum
622 1152 720 1196 eausa
741 1130 848 1196 facere
873 1131 1049 1195 simularet
1086 1130 1236 1214 Namque
1255 1144 1274 1193 5

61 1221 219 1305 undique,
247 1221 302 1303 qui
325 1219 573 1283 Atheniensium
601 1221 696 1284 rebus
728 1218 943 1302 studuissent,
970 1217 1098 1301 eiectis,
1128 1219 1237 1284 decem

62 1305 261 1394 delegerat³)
289 1309 323 1372 in
346 1328 540 1391 unaquaque
563 1306 708 1386 civitate,
731 1309 848 1392 quibus
878 1329 1041 1372 summum
1063 1307 1236 1393 imperium

60 1401 324 1482 potestatemque
347 1399 492 1460 omnium
515 1417 622 1461 rerum
645 1397 871 1463 committeret.
916 1395 1043 1461 Horum
1065 1397 1100 1460 in
1127 1418 1236 1461 nume·

60 1509 137 1551 rum
156 1507 251 1551 nemo
271 1484 514 1568 admittebatur,
534 1485 600 1549 nisi
619 1485 673 1568 qui
693 1489 749 1550 aut
768 1486 836 1549 eius
856 1485 999 1569 hospitio
1018 1486 1240 1550 contineretur

61 1578 122 1640 aut
145 1595 179 1638 se
202 1574 291 1638 illius
314 1573 383 1638 fore
407 1573 574 1657 proprium
597 1573 660 1637 fide
684 1574 916 1638 confirmasset.

153 1661 194 1727 II.
231 1662 282 1726 Ita
304 1661 508 1726 decemvirali
530 1664 695 1744 potestate
723 1663 757 1725 in
781 1661 930 1727 omnibus
959 1661 1093 1726 urbibus
1117 1662 1270 1726 consti-1

61 1755 137 1817 tuta
164 1751 266 1834 ipsius
294 1754 377 1814 nutu
400 1750 512 1814 omnia
539 1750 743 1834 gerebantur.
789 1747 888 1814 Cuius
918 1749 956 1814 de
980 1749 1170 1814 crudelitate
1200 1771 1236 1814 ac

60 1840 213 1924 perfidia,
233 1860 275 1903 ne
298 1839 392 1922 plura
415 1838 632 1902 enumerando
664 1837 880 1923 defatigemus
902 1839 1054 1919 lectores,
1082 1837 1161 1900 satis
1191 1837 1236 1901 sit

59 1949 164 1994 unam
190 1949 260 1992 rem
287 1927 426 2010 exempli
455 1926 562 2011 gratia
589 1927 740 2009 proferre.
785 1926 901 1992 Victor
927 1948 965 1990 ex
989 1926 1069 1991 Asia
1100 1928 1141 2006 [a.
1154 1925 1271 2007 404]2

62 2038 138 2082 cum
161 2019 376 2081 reverteretur
394 2014 604 2099 Thasumque
627 2015 820 2099 divertisset,
843 2016 928 2099 quod
949 2036 987 2079 ea
1010 2016 1124 2080 civitas
1146 2036 1236 2098 prae·

62 2105 160 2188 cipua
181 2105 243 2168 fide
266 2104 373 2168 fuerat
395 2123 474 2188 erga
495 2102 757 2187 Athenienses4),
790 2103 925 2188 proinde
949 2126 986 2169 ac
1010 2105 1037 2168 si
1060 2125 1127 2169 non
1148 2103 1235 2167 idem

61 2193 244 2258 firmissimi
267 2193 408 2257 solerent
431 2213 500 2255 esse
525 2192 629 2274 amici,
653 2194 707 2277 qui
731 2196 919 2258 constantes
942 2192 1080 2256 fuissent
1104 2191 1236 2272 inimici,

61 2286 247 2366 pervertere
271 2303 342 2345 eam
366 2280 559 2364 concupivit.
599 2280 690 2346 Vidit
713 2285 830 2358 autem,
848 2281 913 2345 nisi
931 2282 965 2344 in
984 2302 1022 2345 eo
1042 2280 1236 2345 occultasset
1254 2292 1270 2340 3

61 2371 277 2452 voluntatem,
299 2369 444 2433 futurum
467 2372 505 2432 ut
523 2368 637 2433 Thasii
655 2369 874 2434 dilaberentur
897 2369 1057 2451 rebusque
1076 2368 1143 2431 suis
1162 2388 1236 2431 con·

63 2460 215 2523 sulerent.
256 2458 370 2542 Itaque
394 2457 460 2520 illis
483 2458 518 2520 in
540 2457 689 2521 Herculis
712 2458 872 2542 templum
895 2456 1082 2522 convocatis
1105 2455 1235 2538 plenam

61 2549 111 2612 ibi
142 2547 355 2611 humanitatis
388 2546 567 2611 orationem
598 2545 729 2630 habuit,
756 2568 821 2630 qua
847 2566 956 2609 rerum
983 2547 1059 2608 ante
1089 2546 1235 2608 actarum

62 2637 192 2701 veniam
215 2637 300 2700 ultro
324 2634 487 2718 pollicitus
511 2637 654 2698 metuere
677 2655 732 2698 eos
751 2633 856 2698 vetuit
879 2633 1037 2718 deumque
1059 2633 1134 2696 fidei
1159 2653 1236 2695 suae

62 2728 183 2789 testem
207 2723 366 2788 adhibuit.
398 2721 522 2798 Quibus
542 2722 670 2805 auditis,
692 2744 765 2788 cum
784 2725 817 2786 et
836 2722 892 2806 qui
911 2722 1045 2787 aderant
1063 2722 1148 2786 fictis
1168 2721 1236 2785 eius

62 2813 172 2877 verbis
196 2812 417 2892 credidissent,
440 2815 474 2875 et
497 2811 552 2894 qui
576 2811 739 2875 latuerant
761 2814 850 2875 metu
875 2811 974 2876 soluti
999 2809 1235 2893 convenissent,

62 2923 176 2968 omnes
199 2902 321 2985 pariter
342 2904 419 2984 post
441 2900 567 2984 aliquot
590 2899 658 2964 dies
680 2900 772 2964 iussu
795 2901 863 2964 eius
887 2902 964 2964 sunt
984 2899 1147 2964 trucidati.

152 2988 212 3054 III.
240 2988 349 3073 Atque
367 2989 429 3053 hoc
453 2989 525 3053 loco
545 2992 682 3053 nonest
704 2989 973 3071 praetereundum
995 2987 1118 3053 factum
1136 2986 1236 3050 Phar·
1256 2997 1270 3044 1

61 3079 188 3161 nabazi,
211 3078 351 3161 satrapis
375 3077 464 3162 regii.
496 3075 582 3141 Nam
606 3099 679 3142 cum
702 3076 869 3160 Lysander
892 3075 1073 3160 praefectus
1099 3077 1141 3154 [a.
1155 3075 1233 3153 404]

62 3167 163 3233 classi
192 3168 227 3230 in
257 3166 342 3230 bello
376 3165 480 3229 multa
510 3165 682 3230 crudeliter
713 3187 872 3249 avareque
903 3164 1033 3229 fecisset
1063 3163 1163 3245 deque
1195 3162 1236 3225 iis

61 3257 161 3321 rebus
185 3256 403 3340 suspicaretur
426 3255 466 3318 ad
486 3253 572 3318 cives
596 3276 671 3319 suos
692 3275 761 3318 esse
784 3254 956 3336 perlatum,
980 3251 1077 3333 petiit
1099 3248 1237 3313 aPhar-

62 3344 189 3409 nabazo
217 3352 254 3408 ut
277 3343 317 3407 ad
341 3342 481 3427 ephoros
505 3341 568 3405 sibi
591 3341 815 3406 testimonium
839 3342 945 3424 daret,
968 3341 1090 3423 quanta
1118 3337 1235 3402 sancti·

61 3435 132 3497 tate
151 3433 272 3496 bellum
290 3432 447 3516 gessisset
466 3430 634 3513 sociosque
652 3432 834 3511 tractasset,
853 3429 955 3513 deque
974 3450 1013 3493 ea
1031 3449 1066 3491 re
1086 3429 1236 3493 accurate

63 3520 235 3586 scriberet:
261 3540 415 3605 magnam
440 3519 526 3583 enim
554 3518 623 3582 eius
652 3517 882 3583 auctoritatem
909 3518 943 3581 in
966 3538 1004 3581 ea
1026 3537 1061 3580 re
1084 3515 1236 3580 futuram.

61 3608 102 3673 Id
129 3609 184 3673 ille
212 3608 392 3673 liberaliter
418 3608 607 3690 pollicetur:
635 3607 755 3671 librum
784 3607 939 3692 grandem
968 3604 1173 3689 conscripsit,
1202 3604 1270 3668 ine

63 3719 129 3781 quo
149 3699 284 3762 summis
304 3719 378 3761 eum
396 3696 489 3760 effert
507 3696 667 3760 laudibus.
699 3693 804 3770 Quem
823 3717 896 3760 cum
914 3694 1079 3778 Lysander
1103 3693 1237 3777 legisset

61 3786 309 3871 probassetque,
332 3785 408 3848 dum
432 3785 590 3868 signatur,
613 3785 752 3849 alterum
782 3784 839 3849 ille
861 3783 932 3867 pari
958 3781 1180 3866 magnitudine
1204 3783 1237 3844 et

102 3975 124 4045 ¹)
143 3975 395 4044 ,‚Schrankenlos“.
679 3975 756 4030 einer
782 3975 943 4028 Ausnahme
970 3973 1010 4026 im
1039 3970 1237 4042 peloponnesi-

102 4046 124 4117 ἢ
152 4047 209 4100 Das
240 4048 437 4116 Plusquamp.,
464 4046 529 4100 weil
560 4048 623 4115 Lys.
679 4048 764 4101 sehen
773 4044 877 4114 Kriege
891 4047 1063 4113 (erl-408),
1077 4043 1177 4096 immer
1186 4041 1236 4094 der

62 4117 110 4172 die
122 4116 212 4172 Saehe
226 4120 313 4173 sehon
327 4117 625 4173 seit40'1vorbereitet
678 4114 861 4171 athenischen
888 4113 1066 4184 Symmachie
1092 4112 1237 4180 angehbrt,

62 4189 154 4243 hatte.
678 4188 722 4242 bis
754 4187 821 4240 hura
847 4187 920 4240 nach
948 4184 998 4238 der
1026 4182 1160 4237 Sohlaoht
1191 4181 1237 4236 bei

102 4259 124 4326 ⁴)
153 4259 261 4314 Thasns
286 4260 366 4314 hatte
385 4258 439 4314 seit
457 4260 508 4314 der
525 4257 624 4313 Unter-
678 4246 864 4326 Agospotemi
881 4255 968 4326 (405),
988 4253 1071 4308 stand
1088 4254 1150 4309 also
1164 4252 1237 4322 jeta

63 4329 193 4399 werfung
221 4330 309 4385 durch
334 4329 432 4385 Cimon
457 4331 546 4400 (465),
572 4329 626 4383 mit
678 4325 1236 4383 beroiaaufSeitenderLacedemonier.

986 4413 1023 4468 ᾖ*
