<?xml version="1.0" encoding="UTF-8"?>
<!DOCTYPE html PUBLIC "-//W3C//DTD XHTML 1.0 Transitional//EN"
    "http://www.w3.org/TR/xhtml1/DTD/xhtml1-transitional.dtd">
<html xmlns="http://www.w3.org/1999/xhtml" xml:lang="en" lang="en">
 <head>
  <title>
</title>
<meta http-equiv="Content-Type" content="text/html;charset=utf-8" />
  <meta name='ocr-system' content='tesseract 3.04.00' />
  <meta name='ocr-capabilities' content='ocr_page ocr_carea ocr_par ocr_line ocrx_word'/>
</head>
<body>
  <div class='ocr_page' id='page_1' title='image "./corneliinepotis04nepogoog_0085.png"; bbox 0 0 2812 4786; ppageno 0'>
   <div class='ocr_carea' id='block_1_1' title="bbox 133 143 894 210">
    <p class='ocr_par' dir='ltr' id='par_1_1' title="bbox 133 143 894 210">
     <span class='ocr_line' id='line_1_1' title="bbox 133 143 894 210; baseline 0.008 -12"><span class='ocrx_word' id='word_1_1' title='bbox 133 145 175 210; x_wconf 80' lang='grc'><strong>72</strong></span> <span class='ocrx_word' id='word_1_2' title='bbox 530 144 603 202; x_wconf 84' lang='lat' dir='ltr'><strong>XIX.</strong></span> <span class='ocrx_word' id='word_1_3' title='bbox 629 143 797 203; x_wconf 84' lang='lat' dir='ltr'><strong>PHOOION.</strong></span> <span class='ocrx_word' id='word_1_4' title='bbox 825 152 850 202; x_wconf 83' lang='grc'><strong>8.</strong></span> <span class='ocrx_word' id='word_1_5' title='bbox 868 151 894 204; x_wconf 89' lang='grc'><strong>4.</strong></span> 
     </span>
    </p>
   </div>
   <div class='ocr_carea' id='block_1_2' title="bbox 32 305 1313 3317">
    <p class='ocr_par' dir='ltr' id='par_1_2' title="bbox 132 305 1305 571">
     <span class='ocr_line' id='line_1_2' title="bbox 133 305 1301 396; baseline 0.004 -24"><span class='ocrx_word' id='word_1_6' title='bbox 133 305 344 392; x_wconf 81' lang='lat' dir='ltr'><strong>Nicanorem,</strong></span> <span class='ocrx_word' id='word_1_7' title='bbox 368 305 575 395; x_wconf 63' lang='lat' dir='ltr'><strong>Cassandrifl)</strong></span> <span class='ocrx_word' id='word_1_8' title='bbox 599 307 813 394; x_wconf 88' lang='lat' dir='ltr'><strong>praefectum,</strong></span> <span class='ocrx_word' id='word_1_9' title='bbox 836 307 971 374; x_wconf 88' lang='lat' dir='ltr'><strong>Piraeeo</strong></span> <span class='ocrx_word' id='word_1_10' title='bbox 994 308 1144 374; x_wconf 88' lang='lat' dir='ltr'><strong>insidiari</strong></span> <span class='ocrx_word' id='word_1_11' title='bbox 1169 311 1209 396; x_wconf 89' lang='lat' dir='ltr'><strong>[a.</strong></span> <span class='ocrx_word' id='word_1_12' title='bbox 1228 311 1301 393; x_wconf 67' lang='lat'><strong>317]</strong></span> 
     </span>
     <span class='ocr_line' id='line_1_3' title="bbox 133 397 1302 481; baseline 0.004 -21"><span class='ocrx_word' id='word_1_13' title='bbox 133 397 309 480; x_wconf 93' lang='lat' dir='ltr'><strong>eodemque</strong></span> <span class='ocrx_word' id='word_1_14' title='bbox 341 397 530 481; x_wconf 75' lang='lat' dir='ltr'><strong>postulante</strong></span> <span class='ocrx_word' id='word_1_15' title='bbox 562 403 599 462; x_wconf 95' lang='lat' dir='ltr'><strong>ut</strong></span> <span class='ocrx_word' id='word_1_16' title='bbox 626 397 824 481; x_wconf 88' lang='lat' dir='ltr'><strong>provideret,</strong></span> <span class='ocrx_word' id='word_1_17' title='bbox 856 419 896 463; x_wconf 91' lang='lat' dir='ltr'><strong>ne</strong></span> <span class='ocrx_word' id='word_1_18' title='bbox 925 397 1159 464; x_wconf 88' lang='lat' dir='ltr'><strong>commeatibus</strong></span> <span class='ocrx_word' id='word_1_19' title='bbox 1195 399 1302 465; x_wconf 84' lang='lat' dir='ltr'><strong>civitas</strong></span> 
     </span>
     <span class='ocr_line' id='line_1_4' title="bbox 132 485 1305 571; baseline 0.004 -22"><span class='ocrx_word' id='word_1_20' title='bbox 132 485 329 569; x_wconf 68' lang='lat' dir='ltr'>privaretur,</span> <span class='ocrx_word' id='word_1_21' title='bbox 356 487 391 550; x_wconf 90' lang='lat' dir='ltr'><strong>in</strong></span> <span class='ocrx_word' id='word_1_22' title='bbox 414 485 565 551; x_wconf 88' lang='lat' dir='ltr'><strong>contione</strong></span> <span class='ocrx_word' id='word_1_23' title='bbox 585 487 721 571; x_wconf 85' lang='lat' dir='ltr'><strong>negavit</strong></span> <span class='ocrx_word' id='word_1_24' title='bbox 744 507 814 550; x_wconf 89' lang='lat' dir='ltr'><strong>esse</strong></span> <span class='ocrx_word' id='word_1_25' title='bbox 844 487 1025 570; x_wconf 89' lang='lat' dir='ltr'><strong>periculum</strong></span> <span class='ocrx_word' id='word_1_26' title='bbox 1049 508 1146 571; x_wconf 89' lang='lat' dir='ltr'><strong>seque</strong></span> <span class='ocrx_word' id='word_1_27' title='bbox 1170 488 1241 554; x_wconf 88' lang='lat' dir='ltr'><strong>eius</strong></span> <span class='ocrx_word' id='word_1_28' title='bbox 1263 489 1305 554; x_wconf 92' lang='lat' dir='ltr'><strong>rei</strong></span> 
     </span>
    </p>

    <p class='ocr_par' dir='ltr' id='par_1_3' title="bbox 98 573 1309 924">
     <span class='ocr_line' id='line_1_5' title="bbox 98 573 1308 659; baseline 0.003 -20"><span class='ocrx_word' id='word_1_29' title='bbox 98 590 114 639; x_wconf 83' lang='lat' dir='ltr'><strong>o</strong></span> <span class='ocrx_word' id='word_1_30' title='bbox 134 573 280 639; x_wconf 90' lang='lat' dir='ltr'><strong>obsidem</strong></span> <span class='ocrx_word' id='word_1_31' title='bbox 304 573 373 639; x_wconf 87' lang='lat' dir='ltr'><strong>fore</strong></span> <span class='ocrx_word' id='word_1_32' title='bbox 396 574 563 659; x_wconf 80' lang='lat' dir='ltr'><strong>pollicitus</strong></span> <span class='ocrx_word' id='word_1_33' title='bbox 587 579 645 639; x_wconf 89' lang='lat' dir='ltr'><strong>est.</strong></span> <span class='ocrx_word' id='word_1_34' title='bbox 687 575 738 639; x_wconf 94' lang='lat' dir='ltr'><strong>Ad</strong></span> <span class='ocrx_word' id='word_1_35' title='bbox 762 597 852 640; x_wconf 89' lang='lat' dir='ltr'><strong>arma</strong></span> <span class='ocrx_word' id='word_1_36' title='bbox 874 596 991 641; x_wconf 84' lang='lat' dir='ltr'><strong>vocare</strong></span> <span class='ocrx_word' id='word_1_37' title='bbox 1014 574 1100 641; x_wconf 85' lang='lat' dir='ltr'><strong>cives</strong></span> <span class='ocrx_word' id='word_1_38' title='bbox 1121 575 1308 642; x_wconf 87' lang='lat' dir='ltr'><strong>defendendi</strong></span> 
     </span>
     <span class='ocr_line' id='line_1_6' title="bbox 135 661 1307 749; baseline 0.004 -22"><span class='ocrx_word' id='word_1_39' title='bbox 135 663 271 746; x_wconf 90' lang='lat' dir='ltr'><strong>periculi</strong></span> <span class='ocrx_word' id='word_1_40' title='bbox 294 683 392 728; x_wconf 89' lang='lat' dir='ltr'><strong>causa</strong></span> <span class='ocrx_word' id='word_1_41' title='bbox 414 664 528 728; x_wconf 87' lang='lat' dir='ltr'><strong>noluit</strong></span> <span class='ocrx_word' id='word_1_42' title='bbox 573 661 687 749; x_wconf 80' lang='lat' dir='ltr'>Neque</span> <span class='ocrx_word' id='word_1_43' title='bbox 709 664 758 728; x_wconf 88' lang='lat' dir='ltr'><strong>ita</strong></span> <span class='ocrx_word' id='word_1_44' title='bbox 781 664 884 728; x_wconf 90' lang='lat' dir='ltr'><strong>multo</strong></span> <span class='ocrx_word' id='word_1_45' title='bbox 908 667 985 746; x_wconf 89' lang='lat' dir='ltr'><strong>post</strong></span> <span class='ocrx_word' id='word_1_46' title='bbox 1006 662 1152 730; x_wconf 80' lang='lat' dir='ltr'>Nicanor</span> <span class='ocrx_word' id='word_1_47' title='bbox 1175 663 1307 732; x_wconf 90' lang='lat' dir='ltr'><strong>Piraeeo</strong></span> 
     </span>
     <span class='ocr_line' id='line_1_7' title="bbox 134 751 1309 837; baseline 0.003 -21"><span class='ocrx_word' id='word_1_48' title='bbox 134 754 185 816; x_wconf 90' lang='lat' dir='ltr'><strong>est</strong></span> <span class='ocrx_word' id='word_1_49' title='bbox 210 752 345 835; x_wconf 88' lang='lat' dir='ltr'><strong>potitus.</strong></span> <span class='ocrx_word' id='word_1_50' title='bbox 395 751 448 817; x_wconf 94' lang='lat' dir='ltr'><strong>Ad</strong></span> <span class='ocrx_word' id='word_1_51' title='bbox 476 774 571 837; x_wconf 91' lang='lat' dir='ltr'><strong>quem</strong></span> <span class='ocrx_word' id='word_1_52' title='bbox 598 752 852 837; x_wconf 89' lang='lat' dir='ltr'><strong>recuperandum</strong></span> <span class='ocrx_word' id='word_1_53' title='bbox 883 752 937 816; x_wconf 89' lang='lat' dir='ltr'><strong>ille</strong></span> <span class='ocrx_word' id='word_1_54' title='bbox 969 756 1083 818; x_wconf 89' lang='lat' dir='ltr'><strong>contra</strong></span> <span class='ocrx_word' id='word_1_55' title='bbox 1110 751 1309 819; x_wconf 79' lang='lat' dir='ltr'><strong>Nicanorem</strong></span> 
     </span>
     <span class='ocr_line' id='line_1_8' title="bbox 133 838 1209 924; baseline 0.003 -20"><span class='ocrx_word' id='word_1_56' title='bbox 133 838 337 924; x_wconf 87' lang='lat' dir='ltr'><strong>profecturus</strong></span> <span class='ocrx_word' id='word_1_57' title='bbox 360 840 426 904; x_wconf 91' lang='lat' dir='ltr'><strong>iam</strong></span> <span class='ocrx_word' id='word_1_58' title='bbox 449 861 516 906; x_wconf 90' lang='lat' dir='ltr'><strong>non</strong></span> <span class='ocrx_word' id='word_1_59' title='bbox 539 840 625 906; x_wconf 92' lang='lat' dir='ltr'><strong>dicto</strong></span> <span class='ocrx_word' id='word_1_60' title='bbox 650 840 817 906; x_wconf 90' lang='lat' dir='ltr'><strong>audientes</strong></span> <span class='ocrx_word' id='word_1_61' title='bbox 840 839 955 905; x_wconf 86' lang='lat' dir='ltr'><strong>habuit</strong></span> <span class='ocrx_word' id='word_1_62' title='bbox 978 839 1209 907; x_wconf 77' lang='lat' dir='ltr'><strong>Athenienses.</strong></span> 
     </span>
    </p>

    <p class='ocr_par' dir='ltr' id='par_1_4' title="bbox 98 927 1313 1281">
     <span class='ocr_line' id='line_1_9' title="bbox 98 927 1311 1016; baseline 0.003 -24"><span class='ocrx_word' id='word_1_63' title='bbox 98 944 112 992; x_wconf 90' lang='lat'>1</span> <span class='ocrx_word' id='word_1_64' title='bbox 221 927 281 994; x_wconf 89' lang='lat' dir='ltr'><strong>III.</strong></span> <span class='ocrx_word' id='word_1_65' title='bbox 317 927 424 993; x_wconf 79' lang='lat' dir='ltr'><strong>Erant</strong></span> <span class='ocrx_word' id='word_1_66' title='bbox 451 950 488 994; x_wconf 89' lang='lat' dir='ltr'><strong>eo</strong></span> <span class='ocrx_word' id='word_1_67' title='bbox 518 935 665 1012; x_wconf 90' lang='lat' dir='ltr'><strong>tempore</strong></span> <span class='ocrx_word' id='word_1_68' title='bbox 693 928 832 994; x_wconf 77' lang='lat' dir='ltr'><strong>Athenis</strong></span> <span class='ocrx_word' id='word_1_69' title='bbox 861 929 943 994; x_wconf 91' lang='lat' dir='ltr'><strong>duae</strong></span> <span class='ocrx_word' id='word_1_70' title='bbox 970 929 1144 1008; x_wconf 91' lang='lat' dir='ltr'><strong>factiones,</strong></span> <span class='ocrx_word' id='word_1_71' title='bbox 1173 952 1311 1016; x_wconf 88' lang='lat' dir='ltr'><strong>quarum</strong></span> 
     </span>
     <span class='ocr_line' id='line_1_10' title="bbox 133 1017 1312 1103; baseline 0.003 -21"><span class='ocrx_word' id='word_1_72' title='bbox 133 1039 197 1082; x_wconf 91' lang='lat' dir='ltr'><strong>una</strong></span> <span class='ocrx_word' id='word_1_73' title='bbox 226 1017 340 1102; x_wconf 92' lang='lat' dir='ltr'><strong>populi</strong></span> <span class='ocrx_word' id='word_1_74' title='bbox 368 1039 498 1083; x_wconf 89' lang='lat' dir='ltr'><strong>cansam</strong></span> <span class='ocrx_word' id='word_1_75' title='bbox 527 1017 661 1103; x_wconf 83' lang='lat' dir='ltr'><strong>agebat,</strong></span> <span class='ocrx_word' id='word_1_76' title='bbox 689 1018 792 1083; x_wconf 89' lang='lat' dir='ltr'><strong>altera</strong></span> <span class='ocrx_word' id='word_1_77' title='bbox 820 1017 1037 1102; x_wconf 88' lang='lat' dir='ltr'><strong>optimatium.</strong></span> <span class='ocrx_word' id='word_1_78' title='bbox 1081 1017 1121 1082; x_wconf 94' lang='lat' dir='ltr'><strong>In</strong></span> <span class='ocrx_word' id='word_1_79' title='bbox 1148 1018 1213 1084; x_wconf 91' lang='lat' dir='ltr'><strong>hac</strong></span> <span class='ocrx_word' id='word_1_80' title='bbox 1243 1024 1312 1085; x_wconf 91' lang='lat' dir='ltr'><strong>erat</strong></span> 
     </span>
     <span class='ocr_line' id='line_1_11' title="bbox 133 1103 1312 1190; baseline 0.003 -21"><span class='ocrx_word' id='word_1_81' title='bbox 133 1103 279 1171; x_wconf 89' lang='lat' dir='ltr'><strong>Phocion</strong></span> <span class='ocrx_word' id='word_1_82' title='bbox 298 1109 332 1170; x_wconf 90' lang='lat' dir='ltr'><strong>et</strong></span> <span class='ocrx_word' id='word_1_83' title='bbox 350 1105 536 1171; x_wconf 90' lang='lat' dir='ltr'><strong>Demetrius</strong></span> <span class='ocrx_word' id='word_1_84' title='bbox 555 1106 731 1190; x_wconf 77' lang='lat' dir='ltr'><strong>Phalereus</strong></span> <span class='ocrx_word' id='word_1_85' title='bbox 739 1103 774 1190; x_wconf 81' lang='grc'><strong>7)</strong></span> <span class='ocrx_word' id='word_1_86' title='bbox 810 1104 949 1190; x_wconf 88' lang='lat' dir='ltr'><strong>Utrique</strong></span> <span class='ocrx_word' id='word_1_87' title='bbox 969 1111 1076 1171; x_wconf 86' lang='lat' dir='ltr'><strong>autem</strong></span> <span class='ocrx_word' id='word_1_88' title='bbox 1094 1105 1312 1173; x_wconf 83' lang='lat' dir='ltr'><strong>Macedonum</strong></span> 
     </span>
     <span class='ocr_line' id='line_1_12' title="bbox 133 1192 1313 1281; baseline 0 -21"><span class='ocrx_word' id='word_1_89' title='bbox 133 1194 325 1278; x_wconf 88' lang='lat' dir='ltr'><strong>patrociniis</strong></span> <span class='ocrx_word' id='word_1_90' title='bbox 348 1196 540 1260; x_wconf 86' lang='lat' dir='ltr'><strong>utebantur:</strong></span> <span class='ocrx_word' id='word_1_91' title='bbox 571 1216 648 1259; x_wconf 91' lang='lat' dir='ltr'><strong>nam</strong></span> <span class='ocrx_word' id='word_1_92' title='bbox 671 1195 845 1281; x_wconf 86' lang='lat' dir='ltr'><strong>populares</strong></span> <span class='ocrx_word' id='word_1_93' title='bbox 868 1192 1124 1278; x_wconf 88' lang='lat' dir='ltr'><strong>Polyperchonti</strong></span> <span class='ocrx_word' id='word_1_94' title='bbox 1146 1195 1313 1280; x_wconf 87' lang='lat' dir='ltr'><strong>favebant,</strong></span> 
     </span>
    </p>

    <p class='ocr_par' dir='ltr' id='par_1_5' title="bbox 99 1281 1312 1722">
     <span class='ocr_line' id='line_1_13' title="bbox 99 1281 1312 1460; baseline 0.002 -24"><span class='ocrx_word' id='word_1_95' title='bbox 99 1281 597 1437; x_wconf 66' lang='lat' dir='ltr'><strong>2tltt3?.⁰¹¹t.tt⁸⁸t.l⁰</strong></span> <span class='ocrx_word' id='word_1_96' title='bbox 617 1283 811 1447; x_wconf 48' lang='lat' dir='ltr'><strong>editt}</strong></span> <span class='ocrx_word' id='word_1_97' title='bbox 825 1283 880 1437; x_wconf 67' lang='lat' dir='ltr'><strong>q,</strong></span> <span class='ocrx_word' id='word_1_98' title='bbox 894 1287 1038 1437; x_wconf 52' lang='lat' dir='ltr'><strong>litingi</strong></span> <span class='ocrx_word' id='word_1_99' title='bbox 1052 1283 1312 1460; x_wconf 67' lang='lat' dir='ltr'><strong>lltlttltt</strong></span> 
     </span>
     <span class='ocr_line' id='line_1_14' title="bbox 136 1393 1311 1547; baseline 0.002 -23"><span class='ocrx_word' id='word_1_100' title='bbox 136 1460 231 1524; x_wconf 91' lang='lat' dir='ltr'><strong>duces</strong></span> <span class='ocrx_word' id='word_1_101' title='bbox 255 1393 458 1525; x_wconf 64' lang='lat' dir='ltr'><strong>adveriariae</strong></span> <span class='ocrx_word' id='word_1_102' title='bbox 476 1458 629 1525; x_wconf 84' lang='lat' dir='ltr'><strong>factionis</strong></span> <span class='ocrx_word' id='word_1_103' title='bbox 653 1461 769 1544; x_wconf 91' lang='lat' dir='ltr'><strong>capitis</strong></span> <span class='ocrx_word' id='word_1_104' title='bbox 788 1395 961 1526; x_wconf 60' lang='lat' dir='ltr'><strong>dahdatos</strong></span> <span class='ocrx_word' id='word_1_105' title='bbox 984 1395 1092 1544; x_wconf 55' lang='lat' dir='ltr'><strong>patliia</strong></span> <span class='ocrx_word' id='word_1_106' title='bbox 1115 1463 1254 1547; x_wconf 84' lang='lat' dir='ltr'><strong>pepulit,</strong></span> <span class='ocrx_word' id='word_1_107' title='bbox 1276 1462 1311 1526; x_wconf 90' lang='lat' dir='ltr'><strong>in</strong></span> 
     </span>
     <span class='ocr_line' id='line_1_15' title="bbox 134 1547 1310 1636; baseline 0.004 -25"><span class='ocrx_word' id='word_1_108' title='bbox 134 1547 187 1612; x_wconf 90' lang='lat' dir='ltr'><strong>his</strong></span> <span class='ocrx_word' id='word_1_109' title='bbox 210 1547 408 1613; x_wconf 89' lang='lat' dir='ltr'><strong>Phocionem</strong></span> <span class='ocrx_word' id='word_1_110' title='bbox 432 1552 465 1612; x_wconf 91' lang='lat' dir='ltr'><strong>et</strong></span> <span class='ocrx_word' id='word_1_111' title='bbox 487 1548 689 1614; x_wconf 88' lang='lat' dir='ltr'><strong>Demetrium</strong></span> <span class='ocrx_word' id='word_1_112' title='bbox 708 1549 913 1632; x_wconf 90' lang='lat' dir='ltr'><strong>Phalereum,</strong></span> <span class='ocrx_word' id='word_1_113' title='bbox 936 1548 1037 1634; x_wconf 90' lang='lat' dir='ltr'><strong>deque</strong></span> <span class='ocrx_word' id='word_1_114' title='bbox 1061 1571 1099 1615; x_wconf 92' lang='lat' dir='ltr'><strong>ea</strong></span> <span class='ocrx_word' id='word_1_115' title='bbox 1121 1572 1157 1615; x_wconf 94' lang='lat' dir='ltr'><strong>re</strong></span> <span class='ocrx_word' id='word_1_116' title='bbox 1180 1551 1310 1636; x_wconf 80' lang='lat' dir='ltr'><strong>legatos</strong></span> 
     </span>
     <span class='ocr_line' id='line_1_16' title="bbox 135 1636 1311 1722; baseline 0.002 -21"><span class='ocrx_word' id='word_1_117' title='bbox 135 1637 175 1701; x_wconf 90' lang='lat' dir='ltr'><strong>ad</strong></span> <span class='ocrx_word' id='word_1_118' title='bbox 199 1636 489 1721; x_wconf 86' lang='lat' dir='ltr'><strong>Polyperchontem</strong></span> <span class='ocrx_word' id='word_1_119' title='bbox 518 1639 621 1721; x_wconf 85' lang='lat' dir='ltr'><strong>misit,</strong></span> <span class='ocrx_word' id='word_1_120' title='bbox 650 1637 706 1722; x_wconf 92' lang='lat' dir='ltr'><strong>qui</strong></span> <span class='ocrx_word' id='word_1_121' title='bbox 734 1638 775 1702; x_wconf 87' lang='lat' dir='ltr'><strong>ah</strong></span> <span class='ocrx_word' id='word_1_122' title='bbox 799 1658 836 1703; x_wconf 93' lang='lat' dir='ltr'><strong>eo</strong></span> <span class='ocrx_word' id='word_1_123' title='bbox 860 1641 1009 1722; x_wconf 90' lang='lat' dir='ltr'><strong>peterent</strong></span> <span class='ocrx_word' id='word_1_124' title='bbox 1030 1641 1068 1702; x_wconf 90' lang='lat' dir='ltr'><strong>ut</strong></span> <span class='ocrx_word' id='word_1_125' title='bbox 1097 1661 1155 1704; x_wconf 89' lang='lat' dir='ltr'><strong>sua</strong></span> <span class='ocrx_word' id='word_1_126' title='bbox 1178 1638 1311 1704; x_wconf 86' lang='lat' dir='ltr'><strong>decreta</strong></span> 
     </span>
    </p>

    <p class='ocr_par' dir='ltr' id='par_1_6' title="bbox 97 1725 1309 1989">
     <span class='ocr_line' id='line_1_17' title="bbox 97 1725 1309 1812; baseline -0.001 -19"><span class='ocrx_word' id='word_1_127' title='bbox 97 1744 113 1793; x_wconf 83' lang='lat'><strong>3</strong></span> <span class='ocrx_word' id='word_1_128' title='bbox 134 1726 349 1792; x_wconf 89' lang='lat' dir='ltr'><strong>confirmaret.</strong></span> <span class='ocrx_word' id='word_1_129' title='bbox 386 1726 510 1791; x_wconf 83' lang='lat' dir='ltr'><strong>Eodem</strong></span> <span class='ocrx_word' id='word_1_130' title='bbox 524 1726 689 1810; x_wconf 88' lang='lat' dir='ltr'><strong>profectus</strong></span> <span class='ocrx_word' id='word_1_131' title='bbox 709 1729 780 1790; x_wconf 91' lang='lat' dir='ltr'><strong>erat</strong></span> <span class='ocrx_word' id='word_1_132' title='bbox 793 1725 937 1791; x_wconf 88' lang='lat' dir='ltr'><strong>Phocion</strong></span> <span class='ocrx_word' id='word_1_133' title='bbox 957 1727 1008 1791; x_wconf 88' lang='lat' dir='ltr'><strong>sui</strong></span> <span class='ocrx_word' id='word_1_134' title='bbox 1021 1727 1183 1812; x_wconf 79' lang='lat' dir='ltr'><strong>purgandi</strong></span> <span class='ocrx_word' id='word_1_135' title='bbox 1204 1749 1309 1793; x_wconf 82' lang='lat' dir='ltr'><strong>causa</strong></span> 
     </span>
     <span class='ocr_line' id='line_1_18' title="bbox 135 1814 1309 1900; baseline 0.003 -22"><span class='ocrx_word' id='word_1_136' title='bbox 135 1814 205 1892; x_wconf 82' lang='lat' dir='ltr'><strong>Quo</strong></span> <span class='ocrx_word' id='word_1_137' title='bbox 225 1819 262 1878; x_wconf 91' lang='lat' dir='ltr'><strong>ut</strong></span> <span class='ocrx_word' id='word_1_138' title='bbox 280 1815 378 1896; x_wconf 86' lang='lat' dir='ltr'><strong>venit,</strong></span> <span class='ocrx_word' id='word_1_139' title='bbox 401 1837 532 1881; x_wconf 88' lang='lat' dir='ltr'><strong>causam</strong></span> <span class='ocrx_word' id='word_1_140' title='bbox 551 1814 636 1899; x_wconf 91' lang='lat' dir='ltr'><strong>apud</strong></span> <span class='ocrx_word' id='word_1_141' title='bbox 657 1814 844 1898; x_wconf 90' lang='lat' dir='ltr'><strong>Philippum</strong></span> <span class='ocrx_word' id='word_1_142' title='bbox 862 1835 972 1900; x_wconf 83' lang='lat' dir='ltr'><strong>regem</strong></span> <span class='ocrx_word' id='word_1_143' title='bbox 992 1815 1099 1895; x_wconf 87' lang='lat' dir='ltr'><strong>verbo,</strong></span> <span class='ocrx_word' id='word_1_144' title='bbox 1124 1816 1309 1899; x_wconf 78' lang='lat' dir='ltr'><strong>tequidem</strong></span> 
     </span>
     <span class='ocr_line' id='line_1_19' title="bbox 132 1903 1309 1989; baseline 0.003 -23"><span class='ocrx_word' id='word_1_145' title='bbox 132 1904 204 1987; x_wconf 90' lang='lat' dir='ltr'><strong>ipsa</strong></span> <span class='ocrx_word' id='word_1_146' title='bbox 232 1903 318 1988; x_wconf 91' lang='lat' dir='ltr'><strong>apud</strong></span> <span class='ocrx_word' id='word_1_147' title='bbox 342 1903 637 1987; x_wconf 87' lang='lat' dir='ltr'><strong>Polyperchontem</strong></span> <span class='ocrx_word' id='word_1_148' title='bbox 665 1905 773 1968; x_wconf 90' lang='lat' dir='ltr'><strong>iussus</strong></span> <span class='ocrx_word' id='word_1_149' title='bbox 797 1906 847 1967; x_wconf 91' lang='lat' dir='ltr'><strong>est</strong></span> <span class='ocrx_word' id='word_1_150' title='bbox 869 1903 988 1967; x_wconf 87' lang='lat' dir='ltr'><strong>dicere:</strong></span> <span class='ocrx_word' id='word_1_151' title='bbox 1017 1926 1156 1989; x_wconf 91' lang='lat' dir='ltr'><strong>namque</strong></span> <span class='ocrx_word' id='word_1_152' title='bbox 1186 1905 1216 1969; x_wconf 92' lang='lat' dir='ltr'><strong>is</strong></span> <span class='ocrx_word' id='word_1_153' title='bbox 1240 1909 1309 1970; x_wconf 92' lang='lat' dir='ltr'><strong>tum</strong></span> 
     </span>
    </p>

    <p class='ocr_par' dir='ltr' id='par_1_7' title="bbox 32 1990 1309 2334">
     <span class='ocr_line' id='line_1_20' title="bbox 32 1990 1309 2077; baseline 0.002 -23"><span class='ocrx_word' id='word_1_154' title='bbox 32 1990 34 1995; x_wconf 77' lang='grc'>’</span> <span class='ocrx_word' id='word_1_155' title='bbox 96 1992 218 2076; x_wconf 81' lang='lat' dir='ltr'><strong>4regis</strong></span> <span class='ocrx_word' id='word_1_156' title='bbox 254 1990 352 2055; x_wconf 88' lang='lat' dir='ltr'><strong>rebus</strong></span> <span class='ocrx_word' id='word_1_157' title='bbox 390 1994 546 2075; x_wconf 86' lang='lat' dir='ltr'><strong>praeerat.</strong></span> <span class='ocrx_word' id='word_1_158' title='bbox 608 1991 658 2056; x_wconf 88' lang='lat' dir='ltr'><strong>Ab</strong></span> <span class='ocrx_word' id='word_1_159' title='bbox 690 1991 828 2077; x_wconf 82' lang='lat' dir='ltr'><strong>Agnone</strong></span> <span class='ocrx_word' id='word_1_160' title='bbox 864 1992 964 2075; x_wconf 80' lang='lat' dir='ltr'><strong>igitur</strong></span> <span class='ocrx_word' id='word_1_161' title='bbox 1001 1997 1186 2073; x_wconf 87' lang='lat' dir='ltr'><strong>accusatus,</strong></span> <span class='ocrx_word' id='word_1_162' title='bbox 1225 1994 1309 2077; x_wconf 93' lang='lat' dir='ltr'><strong>quod</strong></span> 
     </span>
     <span class='ocr_line' id='line_1_21' title="bbox 133 2078 1309 2164; baseline 0.004 -22"><span class='ocrx_word' id='word_1_163' title='bbox 133 2078 301 2143; x_wconf 90' lang='lat' dir='ltr'><strong>Piraeeum</strong></span> <span class='ocrx_word' id='word_1_164' title='bbox 325 2078 481 2144; x_wconf 87' lang='lat' dir='ltr'><strong>Nicanori</strong></span> <span class='ocrx_word' id='word_1_165' title='bbox 508 2080 718 2164; x_wconf 86' lang='lat' dir='ltr'><strong>prodidisset,</strong></span> <span class='ocrx_word' id='word_1_166' title='bbox 744 2101 784 2145; x_wconf 86' lang='lat' dir='ltr'><strong>ex</strong></span> <span class='ocrx_word' id='word_1_167' title='bbox 806 2080 934 2156; x_wconf 90' lang='lat' dir='ltr'><strong>consilii</strong></span> <span class='ocrx_word' id='word_1_168' title='bbox 958 2081 1118 2146; x_wconf 89' lang='lat' dir='ltr'><strong>sententia</strong></span> <span class='ocrx_word' id='word_1_169' title='bbox 1141 2081 1176 2147; x_wconf 90' lang='lat' dir='ltr'><strong>in</strong></span> <span class='ocrx_word' id='word_1_170' title='bbox 1202 2086 1309 2148; x_wconf 87' lang='lat' dir='ltr'><strong>custo·</strong></span> 
     </span>
     <span class='ocr_line' id='line_1_22' title="bbox 133 2167 1309 2256; baseline 0.003 -25"><span class='ocrx_word' id='word_1_171' title='bbox 133 2167 219 2232; x_wconf 92' lang='lat' dir='ltr'><strong>diam</strong></span> <span class='ocrx_word' id='word_1_172' title='bbox 239 2167 418 2253; x_wconf 88' lang='lat' dir='ltr'><strong>coniectus,</strong></span> <span class='ocrx_word' id='word_1_173' title='bbox 436 2167 509 2232; x_wconf 91' lang='lat' dir='ltr'><strong>dein</strong></span> <span class='ocrx_word' id='word_1_174' title='bbox 524 2168 670 2233; x_wconf 84' lang='lat' dir='ltr'><strong>Athenas</strong></span> <span class='ocrx_word' id='word_1_175' title='bbox 690 2168 845 2240; x_wconf 86' lang='lat' dir='ltr'><strong>deductus</strong></span> <span class='ocrx_word' id='word_1_176' title='bbox 866 2172 924 2253; x_wconf 90' lang='lat' dir='ltr'><strong>est,</strong></span> <span class='ocrx_word' id='word_1_177' title='bbox 947 2174 982 2234; x_wconf 92' lang='lat' dir='ltr'><strong>ut</strong></span> <span class='ocrx_word' id='word_1_178' title='bbox 999 2169 1046 2234; x_wconf 93' lang='lat' dir='ltr'><strong>ibi</strong></span> <span class='ocrx_word' id='word_1_179' title='bbox 1066 2170 1103 2234; x_wconf 90' lang='lat' dir='ltr'><strong>de</strong></span> <span class='ocrx_word' id='word_1_180' title='bbox 1122 2191 1160 2236; x_wconf 92' lang='lat' dir='ltr'><strong>eo</strong></span> <span class='ocrx_word' id='word_1_181' title='bbox 1180 2170 1309 2256; x_wconf 84' lang='lat' dir='ltr'><strong>legibus</strong></span> 
     </span>
     <span class='ocr_line' id='line_1_23' title="bbox 129 2255 736 2334; baseline 0 -14"><span class='ocrx_word' id='word_1_182' title='bbox 129 2257 222 2321; x_wconf 89' lang='lat' dir='ltr'><strong>fieret</strong></span> <span class='ocrx_word' id='word_1_183' title='bbox 244 2255 408 2320; x_wconf 91' lang='lat' dir='ltr'><strong>iudicium.</strong></span> <span class='ocrx_word' id='word_1_184' title='bbox 734 2329 736 2334; x_wconf 44' lang='grc'><strong>,</strong></span> 
     </span>
    </p>

    <p class='ocr_par' dir='ltr' id='par_1_8' title="bbox 97 2343 1309 2698">
     <span class='ocr_line' id='line_1_24' title="bbox 97 2343 1309 2432; baseline 0.002 -22"><span class='ocrx_word' id='word_1_185' title='bbox 97 2375 110 2424; x_wconf 88' lang='lat'>1</span> <span class='ocrx_word' id='word_1_186' title='bbox 220 2343 277 2410; x_wconf 89' lang='lat' dir='ltr'><strong>IV.</strong></span> <span class='ocrx_word' id='word_1_187' title='bbox 305 2344 355 2410; x_wconf 84' lang='lat' dir='ltr'><strong>Eo</strong></span> <span class='ocrx_word' id='word_1_188' title='bbox 380 2345 434 2409; x_wconf 91' lang='lat' dir='ltr'><strong>ubi</strong></span> <span class='ocrx_word' id='word_1_189' title='bbox 458 2347 649 2428; x_wconf 86' lang='lat' dir='ltr'><strong>perventum</strong></span> <span class='ocrx_word' id='word_1_190' title='bbox 674 2349 737 2429; x_wconf 89' lang='lat' dir='ltr'><strong>est,</strong></span> <span class='ocrx_word' id='word_1_191' title='bbox 766 2367 838 2410; x_wconf 93' lang='lat' dir='ltr'><strong>cum</strong></span> <span class='ocrx_word' id='word_1_192' title='bbox 863 2348 997 2431; x_wconf 90' lang='lat' dir='ltr'><strong>propter</strong></span> <span class='ocrx_word' id='word_1_193' title='bbox 1021 2344 1195 2432; x_wconf 73' lang='lat' dir='ltr'><strong>aetatem9)</strong></span> <span class='ocrx_word' id='word_1_194' title='bbox 1220 2348 1309 2430; x_wconf 90' lang='lat' dir='ltr'><strong>pedi-</strong></span> 
     </span>
     <span class='ocr_line' id='line_1_25' title="bbox 132 2432 1307 2520; baseline 0.003 -22"><span class='ocrx_word' id='word_1_195' title='bbox 132 2434 192 2499; x_wconf 89' lang='lat' dir='ltr'><strong>bus</strong></span> <span class='ocrx_word' id='word_1_196' title='bbox 216 2434 283 2499; x_wconf 88' lang='lat' dir='ltr'><strong>iam</strong></span> <span class='ocrx_word' id='word_1_197' title='bbox 306 2457 371 2500; x_wconf 90' lang='lat' dir='ltr'><strong>non</strong></span> <span class='ocrx_word' id='word_1_198' title='bbox 396 2435 518 2499; x_wconf 87' lang='lat' dir='ltr'><strong>valeret</strong></span> <span class='ocrx_word' id='word_1_199' title='bbox 541 2432 753 2518; x_wconf 87' lang='lat' dir='ltr'><strong>vehiculoque</strong></span> <span class='ocrx_word' id='word_1_200' title='bbox 777 2437 972 2518; x_wconf 87' lang='lat' dir='ltr'><strong>portaretur,</strong></span> <span class='ocrx_word' id='word_1_201' title='bbox 995 2435 1107 2520; x_wconf 84' lang='lat' dir='ltr'><strong>magni</strong></span> <span class='ocrx_word' id='word_1_202' title='bbox 1130 2457 1307 2501; x_wconf 89' lang='lat' dir='ltr'><strong>concursus</strong></span> 
     </span>
     <span class='ocr_line' id='line_1_26' title="bbox 132 2522 1308 2607; baseline 0.001 -20"><span class='ocrx_word' id='word_1_203' title='bbox 132 2527 210 2587; x_wconf 90' lang='lat' dir='ltr'><strong>sunt</strong></span> <span class='ocrx_word' id='word_1_204' title='bbox 223 2523 313 2607; x_wconf 91' lang='lat' dir='ltr'><strong>facti,</strong></span> <span class='ocrx_word' id='word_1_205' title='bbox 332 2545 404 2587; x_wconf 89' lang='lat' dir='ltr'><strong>cum</strong></span> <span class='ocrx_word' id='word_1_206' title='bbox 424 2522 489 2607; x_wconf 91' lang='lat' dir='ltr'><strong>alii,</strong></span> <span class='ocrx_word' id='word_1_207' title='bbox 507 2522 751 2588; x_wconf 90' lang='lat' dir='ltr'><strong>reminiscentes</strong></span> <span class='ocrx_word' id='word_1_208' title='bbox 769 2523 887 2588; x_wconf 87' lang='lat' dir='ltr'><strong>veteris</strong></span> <span class='ocrx_word' id='word_1_209' title='bbox 902 2522 1018 2606; x_wconf 89' lang='lat' dir='ltr'><strong>famae,</strong></span> <span class='ocrx_word' id='word_1_210' title='bbox 1037 2525 1156 2589; x_wconf 87' lang='lat' dir='ltr'><strong>aetatis</strong></span> <span class='ocrx_word' id='word_1_211' title='bbox 1175 2525 1308 2590; x_wconf 90' lang='lat' dir='ltr'><strong>misere·</strong></span> 
     </span>
     <span class='ocr_line' id='line_1_27' title="bbox 132 2611 1308 2698; baseline 0.003 -24"><span class='ocrx_word' id='word_1_212' title='bbox 132 2615 255 2694; x_wconf 89' lang='lat' dir='ltr'><strong>rentur,</strong></span> <span class='ocrx_word' id='word_1_213' title='bbox 282 2612 415 2696; x_wconf 90' lang='lat' dir='ltr'><strong>plurimi</strong></span> <span class='ocrx_word' id='word_1_214' title='bbox 438 2633 513 2676; x_wconf 87' lang='lat' dir='ltr'><strong>vero</strong></span> <span class='ocrx_word' id='word_1_215' title='bbox 542 2611 592 2675; x_wconf 92' lang='lat' dir='ltr'><strong>ira</strong></span> <span class='ocrx_word' id='word_1_216' title='bbox 620 2615 865 2694; x_wconf 86' lang='lat' dir='ltr'><strong>exacuerentur,</strong></span> <span class='ocrx_word' id='word_1_217' title='bbox 897 2612 983 2695; x_wconf 93' lang='lat' dir='ltr'><strong>quod</strong></span> <span class='ocrx_word' id='word_1_218' title='bbox 1011 2612 1165 2678; x_wconf 86' lang='lat' dir='ltr'><strong>adversus</strong></span> <span class='ocrx_word' id='word_1_219' title='bbox 1193 2615 1308 2698; x_wconf 90' lang='lat' dir='ltr'><strong>populi</strong></span> 
     </span>
    </p>

    <p class='ocr_par' dir='ltr' id='par_1_9' title="bbox 97 2699 1307 3051">
     <span class='ocr_line' id='line_1_28' title="bbox 97 2699 1307 2785; baseline 0.002 -21"><span class='ocrx_word' id='word_1_220' title='bbox 97 2730 113 2778; x_wconf 80' lang='lat'>2</span> <span class='ocrx_word' id='word_1_221' title='bbox 133 2699 300 2764; x_wconf 90' lang='lat' dir='ltr'><strong>commoda</strong></span> <span class='ocrx_word' id='word_1_222' title='bbox 322 2700 357 2764; x_wconf 92' lang='lat' dir='ltr'><strong>in</strong></span> <span class='ocrx_word' id='word_1_223' title='bbox 382 2703 547 2764; x_wconf 86' lang='lat' dir='ltr'><strong>senectute</strong></span> <span class='ocrx_word' id='word_1_224' title='bbox 572 2703 716 2764; x_wconf 89' lang='lat' dir='ltr'><strong>steterat.</strong></span> <span class='ocrx_word' id='word_1_225' title='bbox 762 2699 811 2764; x_wconf 92' lang='lat' dir='ltr'><strong>De</strong></span> <span class='ocrx_word' id='word_1_226' title='bbox 835 2699 1029 2782; x_wconf 91' lang='lat' dir='ltr'><strong>proditionis</strong></span> <span class='ocrx_word' id='word_1_227' title='bbox 1056 2701 1244 2785; x_wconf 86' lang='lat' dir='ltr'><strong>suspicione</strong></span> <span class='ocrx_word' id='word_1_228' title='bbox 1265 2724 1307 2766; x_wconf 88' lang='lat' dir='ltr'><strong>ne</strong></span> 
     </span>
     <span class='ocr_line' id='line_1_29' title="bbox 132 2786 1307 2872; baseline 0.003 -21"><span class='ocrx_word' id='word_1_229' title='bbox 132 2788 308 2872; x_wconf 91' lang='lat' dir='ltr'><strong>perorandi</strong></span> <span class='ocrx_word' id='word_1_230' title='bbox 323 2788 451 2871; x_wconf 90' lang='lat' dir='ltr'><strong>quidem</strong></span> <span class='ocrx_word' id='word_1_231' title='bbox 472 2788 501 2852; x_wconf 92' lang='lat' dir='ltr'><strong>ei</strong></span> <span class='ocrx_word' id='word_1_232' title='bbox 516 2786 593 2852; x_wconf 86' lang='lat' dir='ltr'><strong>data</strong></span> <span class='ocrx_word' id='word_1_233' title='bbox 611 2792 661 2853; x_wconf 86' lang='lat' dir='ltr'><strong>est</strong></span> <span class='ocrx_word' id='word_1_234' title='bbox 676 2788 814 2853; x_wconf 86' lang='lat' dir='ltr'><strong>facultas</strong></span> <span class='ocrx_word' id='word_1_235' title='bbox 830 2788 949 2853; x_wconf 89' lang='lat' dir='ltr'><strong>dicenti</strong></span> <span class='ocrx_word' id='word_1_236' title='bbox 969 2809 1102 2854; x_wconf 87' lang='lat' dir='ltr'><strong>causam</strong></span> <span class='ocrx_word' id='word_1_237' title='bbox 1120 2790 1155 2853; x_wconf 94' lang='lat' dir='ltr'><strong>in</strong></span> <span class='ocrx_word' id='word_1_238' title='bbox 1173 2790 1307 2856; x_wconf 91' lang='lat' dir='ltr'><strong>iudicio:</strong></span> 
     </span>
     <span class='ocr_line' id='line_1_30' title="bbox 131 2875 1306 2960; baseline 0.004 -21"><span class='ocrx_word' id='word_1_239' title='bbox 131 2876 288 2960; x_wconf 83' lang='lat' dir='ltr'><strong>legitimis</strong></span> <span class='ocrx_word' id='word_1_240' title='bbox 307 2875 500 2960; x_wconf 90' lang='lat' dir='ltr'><strong>quibusdam</strong></span> <span class='ocrx_word' id='word_1_241' title='bbox 519 2875 615 2940; x_wconf 88' lang='lat' dir='ltr'><strong>rebus</strong></span> <span class='ocrx_word' id='word_1_242' title='bbox 639 2876 796 2942; x_wconf 89' lang='lat' dir='ltr'><strong>confectis</strong></span> <span class='ocrx_word' id='word_1_243' title='bbox 819 2877 991 2942; x_wconf 88' lang='lat' dir='ltr'><strong>damnatus</strong></span> <span class='ocrx_word' id='word_1_244' title='bbox 1014 2878 1153 2943; x_wconf 84' lang='lat' dir='ltr'><strong>traditus</strong></span> <span class='ocrx_word' id='word_1_245' title='bbox 1172 2882 1225 2943; x_wconf 89' lang='lat' dir='ltr'><strong>est</strong></span> <span class='ocrx_word' id='word_1_246' title='bbox 1248 2902 1306 2946; x_wconf 90' lang='lat' dir='ltr'><strong>un·</strong></span> 
     </span>
     <span class='ocr_line' id='line_1_31' title="bbox 131 2963 1306 3051; baseline 0.003 -23"><span class='ocrx_word' id='word_1_247' title='bbox 131 2963 329 3049; x_wconf 87' lang='lat' dir='ltr'><strong>decimviris,</strong></span> <span class='ocrx_word' id='word_1_248' title='bbox 357 2964 474 3047; x_wconf 89' lang='lat' dir='ltr'><strong>quibus</strong></span> <span class='ocrx_word' id='word_1_249' title='bbox 499 2963 538 3027; x_wconf 92' lang='lat' dir='ltr'><strong>ad</strong></span> <span class='ocrx_word' id='word_1_250' title='bbox 564 2964 757 3048; x_wconf 89' lang='lat' dir='ltr'><strong>supplicium</strong></span> <span class='ocrx_word' id='word_1_251' title='bbox 783 2987 872 3030; x_wconf 91' lang='lat' dir='ltr'><strong>more</strong></span> <span class='ocrx_word' id='word_1_252' title='bbox 897 2965 1145 3032; x_wconf 89' lang='lat' dir='ltr'><strong>Atheniensium</strong></span> <span class='ocrx_word' id='word_1_253' title='bbox 1173 2968 1306 3051; x_wconf 90' lang='lat' dir='ltr'><strong>publice</strong></span> 
     </span>
    </p>

    <p class='ocr_par' dir='ltr' id='par_1_10' title="bbox 94 3049 1305 3317">
     <span class='ocr_line' id='line_1_32' title="bbox 94 3049 1305 3139; baseline 0.003 -22"><span class='ocrx_word' id='word_1_254' title='bbox 94 3086 110 3134; x_wconf 83' lang='lat'><strong>3</strong></span> <span class='ocrx_word' id='word_1_255' title='bbox 131 3053 278 3118; x_wconf 91' lang='lat' dir='ltr'><strong>damnati</strong></span> <span class='ocrx_word' id='word_1_256' title='bbox 296 3053 382 3118; x_wconf 89' lang='lat' dir='ltr'><strong>tradi</strong></span> <span class='ocrx_word' id='word_1_257' title='bbox 401 3054 514 3117; x_wconf 88' lang='lat' dir='ltr'><strong>solent.</strong></span> <span class='ocrx_word' id='word_1_258' title='bbox 552 3049 633 3117; x_wconf 79' lang='lat' dir='ltr'><strong>Cum</strong></span> <span class='ocrx_word' id='word_1_259' title='bbox 654 3057 762 3118; x_wconf 88' lang='lat' dir='ltr'><strong>autem</strong></span> <span class='ocrx_word' id='word_1_260' title='bbox 781 3054 821 3118; x_wconf 94' lang='lat' dir='ltr'><strong>ad</strong></span> <span class='ocrx_word' id='word_1_261' title='bbox 840 3058 977 3120; x_wconf 90' lang='lat' dir='ltr'><strong>mortem</strong></span> <span class='ocrx_word' id='word_1_262' title='bbox 991 3054 1169 3139; x_wconf 89' lang='lat' dir='ltr'><strong>duceretur,</strong></span> <span class='ocrx_word' id='word_1_263' title='bbox 1187 3056 1305 3121; x_wconf 89' lang='lat' dir='ltr'><strong>obvius</strong></span> 
     </span>
     <span class='ocr_line' id='line_1_33' title="bbox 130 3141 1305 3226; baseline 0.001 -18"><span class='ocrx_word' id='word_1_264' title='bbox 130 3143 160 3207; x_wconf 92' lang='lat' dir='ltr'><strong>ei</strong></span> <span class='ocrx_word' id='word_1_265' title='bbox 178 3142 242 3208; x_wconf 89' lang='lat' dir='ltr'><strong>fuit</strong></span> <span class='ocrx_word' id='word_1_266' title='bbox 260 3142 466 3226; x_wconf 84' lang='lat' dir='ltr'><strong>Euphiletus,</strong></span> <span class='ocrx_word' id='word_1_267' title='bbox 489 3162 553 3225; x_wconf 93' lang='lat' dir='ltr'><strong>quo</strong></span> <span class='ocrx_word' id='word_1_268' title='bbox 576 3141 783 3207; x_wconf 86' lang='lat' dir='ltr'><strong>familiariter</strong></span> <span class='ocrx_word' id='word_1_269' title='bbox 804 3141 911 3207; x_wconf 89' lang='lat' dir='ltr'><strong>fuerat</strong></span> <span class='ocrx_word' id='word_1_270' title='bbox 932 3164 1020 3208; x_wconf 89' lang='lat' dir='ltr'><strong>usus.</strong></span> <span class='ocrx_word' id='word_1_271' title='bbox 1056 3143 1088 3207; x_wconf 91' lang='lat' dir='ltr'><strong>Is</strong></span> <span class='ocrx_word' id='word_1_272' title='bbox 1112 3166 1187 3208; x_wconf 92' lang='lat' dir='ltr'><strong>cum</strong></span> <span class='ocrx_word' id='word_1_273' title='bbox 1210 3144 1305 3209; x_wconf 90' lang='lat' dir='ltr'><strong>lacri-</strong></span> 
     </span>
     <span class='ocr_line' id='line_1_34' title="bbox 129 3229 1305 3317; baseline 0.001 -21"><span class='ocrx_word' id='word_1_274' title='bbox 129 3254 222 3297; x_wconf 89' lang='lat' dir='ltr'><strong>mans</strong></span> <span class='ocrx_word' id='word_1_275' title='bbox 251 3232 388 3298; x_wconf 86' lang='lat' dir='ltr'><strong>dixisset</strong></span> <span class='ocrx_word' id='word_1_276' title='bbox 415 3230 446 3296; x_wconf 54' lang='grc' dir='ltr'><strong>ξο</strong></span> <span class='ocrx_word' id='word_1_277' title='bbox 471 3252 566 3315; x_wconf 91' lang='lat' dir='ltr'><strong>quam</strong></span> <span class='ocrx_word' id='word_1_278' title='bbox 596 3230 730 3316; x_wconf 83' lang='lat' dir='ltr'><strong>indigna</strong></span> <span class='ocrx_word' id='word_1_279' title='bbox 757 3231 949 3317; x_wconf 88' lang='lat' dir='ltr'><strong>perpeteris,</strong></span> <span class='ocrx_word' id='word_1_280' title='bbox 975 3229 1149 3299; x_wconf 84' lang='lat' dir='ltr'><strong>Phocionl’</strong></span> <span class='ocrx_word' id='word_1_281' title='bbox 1177 3233 1233 3298; x_wconf 92' lang='lat' dir='ltr'><strong>ille</strong></span> <span class='ocrx_word' id='word_1_282' title='bbox 1258 3232 1305 3298; x_wconf 75' lang='lat' dir='ltr'><strong>‘at</strong></span> 
     </span>
    </p>
   </div>
   <div class='ocr_carea' id='block_1_3' title="bbox 124 3456 1335 4380">
    <p class='ocr_par' dir='ltr' id='par_1_11' title="bbox 124 3456 1335 4380">
     <span class='ocr_line' id='line_1_35' title="bbox 165 3456 1304 3530; baseline 0.003 -19"><span class='ocrx_word' id='word_1_283' title='bbox 165 3458 187 3527; x_wconf 78' lang='lat'><strong>⁶)</strong></span> <span class='ocrx_word' id='word_1_284' title='bbox 211 3457 419 3528; x_wconf 89' lang='lat' dir='ltr'><strong>Polyperchon,</strong></span> <span class='ocrx_word' id='word_1_285' title='bbox 456 3457 601 3513; x_wconf 88' lang='lat' dir='ltr'><strong>Vormnnd</strong></span> <span class='ocrx_word' id='word_1_286' title='bbox 638 3458 688 3513; x_wconf 87' lang='lat' dir='ltr'><strong>des</strong></span> <span class='ocrx_word' id='word_1_287' title='bbox 743 3456 858 3513; x_wconf 83' lang='lat' dir='ltr'><strong>Stlitaen</strong></span> <span class='ocrx_word' id='word_1_288' title='bbox 884 3458 931 3513; x_wconf 75' lang='lat' dir='ltr'><strong>fur</strong></span> <span class='ocrx_word' id='word_1_289' title='bbox 958 3459 1033 3514; x_wconf 86' lang='lat' dir='ltr'><strong>aeine</strong></span> <span class='ocrx_word' id='word_1_290' title='bbox 1062 3460 1158 3514; x_wconf 87' lang='lat' dir='ltr'><strong>Macht</strong></span> <span class='ocrx_word' id='word_1_291' title='bbox 1191 3477 1226 3514; x_wconf 89' lang='lat' dir='ltr'><strong>au</strong></span> <span class='ocrx_word' id='word_1_292' title='bbox 1256 3475 1304 3530; x_wconf 84' lang='lat' dir='ltr'><strong>ga·</strong></span> 
     </span>
     <span class='ocr_line' id='line_1_36' title="bbox 127 3527 861 3597; baseline 0.003 -15"><span class='ocrx_word' id='word_1_293' title='bbox 127 3527 687 3597; x_wconf 74' lang='lat' dir='ltr'><strong>KonigsundlteichsverweserinMace·</strong></span> <span class='ocrx_word' id='word_1_294' title='bbox 741 3528 861 3584; x_wconf 84' lang='lat' dir='ltr'><strong>wiunen.</strong></span> 
     </span>
     <span class='ocr_line' id='line_1_37' title="bbox 128 3597 1335 3670; baseline 0.002 -19"><span class='ocrx_word' id='word_1_295' title='bbox 128 3598 231 3652; x_wconf 90' lang='lat' dir='ltr'><strong>donien</strong></span> <span class='ocrx_word' id='word_1_296' title='bbox 252 3597 306 3652; x_wconf 88' lang='lat' dir='ltr'><strong>seit</strong></span> <span class='ocrx_word' id='word_1_297' title='bbox 323 3599 486 3669; x_wconf 87' lang='lat' dir='ltr'><strong>Antipaters</strong></span> <span class='ocrx_word' id='word_1_298' title='bbox 506 3600 583 3654; x_wconf 85' lang='lat' dir='ltr'><strong>Tode</strong></span> <span class='ocrx_word' id='word_1_299' title='bbox 603 3603 687 3670; x_wconf 82' lang='lat'><strong>(319),</strong></span> <span class='ocrx_word' id='word_1_300' title='bbox 779 3600 799 3665; x_wconf 77' lang='grc'><strong>7)</strong></span> <span class='ocrx_word' id='word_1_301' title='bbox 820 3600 918 3655; x_wconf 87' lang='lat' dir='ltr'><strong>Dieser</strong></span> <span class='ocrx_word' id='word_1_302' title='bbox 945 3601 1040 3655; x_wconf 81' lang='lat' dir='ltr'><strong>fdhrte</strong></span> <span class='ocrx_word' id='word_1_303' title='bbox 1068 3601 1193 3656; x_wconf 85' lang='lat' dir='ltr'><strong>nachher</strong></span> <span class='ocrx_word' id='word_1_304' title='bbox 1221 3603 1335 3656; x_wconf 69' lang='lat' dir='ltr'><strong>unter&#39;</strong></span> 
     </span>
     <span class='ocr_line' id='line_1_38' title="bbox 127 3668 1304 3739; baseline 0.004 -16"><span class='ocrx_word' id='word_1_305' title='bbox 127 3669 206 3724; x_wconf 87' lang='lat' dir='ltr'><strong>hatte</strong></span> <span class='ocrx_word' id='word_1_306' title='bbox 234 3668 398 3737; x_wconf 87' lang='lat' dir='ltr'><strong>Antipaters</strong></span> <span class='ocrx_word' id='word_1_307' title='bbox 428 3669 505 3726; x_wconf 86' lang='lat' dir='ltr'><strong>Sohn</strong></span> <span class='ocrx_word' id='word_1_308' title='bbox 531 3669 688 3726; x_wconf 75' lang='lat' dir='ltr'><strong>Cassander</strong></span> <span class='ocrx_word' id='word_1_309' title='bbox 741 3668 903 3739; x_wconf 84' lang='lat' dir='ltr'><strong>Cassander,</strong></span> <span class='ocrx_word' id='word_1_310' title='bbox 919 3672 961 3726; x_wconf 85' lang='lat' dir='ltr'><strong>als</strong></span> <span class='ocrx_word' id='word_1_311' title='bbox 972 3670 1064 3726; x_wconf 87' lang='lat' dir='ltr'><strong>dieser</strong></span> <span class='ocrx_word' id='word_1_312' title='bbox 1077 3670 1107 3725; x_wconf 90' lang='lat' dir='ltr'><strong>in</strong></span> <span class='ocrx_word' id='word_1_313' title='bbox 1116 3671 1304 3727; x_wconf 85' lang='lat' dir='ltr'><strong>Macedonica</strong></span> 
     </span>
     <span class='ocr_line' id='line_1_39' title="bbox 127 3737 1304 3812; baseline 0.003 -17"><span class='ocrx_word' id='word_1_314' title='bbox 127 3757 177 3795; x_wconf 90' lang='lat' dir='ltr'><strong>aus</strong></span> <span class='ocrx_word' id='word_1_315' title='bbox 187 3737 371 3794; x_wconf 86' lang='lat' dir='ltr'><strong>Macedonian</strong></span> <span class='ocrx_word' id='word_1_316' title='bbox 385 3739 539 3810; x_wconf 69' lang='lat' dir='ltr'><strong>verdrAngt</strong></span> <span class='ocrx_word' id='word_1_317' title='bbox 552 3742 609 3795; x_wconf 90' lang='lat' dir='ltr'><strong>und</strong></span> <span class='ocrx_word' id='word_1_318' title='bbox 624 3746 687 3810; x_wconf 82' lang='lat'><strong>³18,</strong></span> <span class='ocrx_word' id='word_1_319' title='bbox 741 3759 790 3795; x_wconf 88' lang='lat' dir='ltr'><strong>aur</strong></span> <span class='ocrx_word' id='word_1_320' title='bbox 808 3742 973 3797; x_wconf 83' lang='lat' dir='ltr'><strong>Herrschatt</strong></span> <span class='ocrx_word' id='word_1_321' title='bbox 991 3741 1109 3812; x_wconf 77' lang='lat' dir='ltr'><strong>galaugt</strong></span> <span class='ocrx_word' id='word_1_322' title='bbox 1133 3759 1204 3810; x_wconf 82' lang='lat' dir='ltr'><strong>war,</strong></span> <span class='ocrx_word' id='word_1_323' title='bbox 1234 3744 1304 3798; x_wconf 84' lang='lat' dir='ltr'><strong>achn</strong></span> 
     </span>
     <span class='ocr_line' id='line_1_40' title="bbox 126 3809 1303 3882; baseline 0.002 -16"><span class='ocrx_word' id='word_1_324' title='bbox 126 3809 386 3866; x_wconf 82' lang='lat' dir='ltr'><strong>umdieGriechen</strong></span> <span class='ocrx_word' id='word_1_325' title='bbox 401 3811 510 3865; x_wconf 79' lang='lat' dir='ltr'><strong>richau</strong></span> <span class='ocrx_word' id='word_1_326' title='bbox 524 3810 687 3881; x_wconf 82' lang='lat' dir='ltr'><strong>verbinden,</strong></span> <span class='ocrx_word' id='word_1_327' title='bbox 740 3812 827 3867; x_wconf 88' lang='lat' dir='ltr'><strong>Jahre</strong></span> <span class='ocrx_word' id='word_1_328' title='bbox 845 3811 912 3882; x_wconf 81' lang='lat' dir='ltr'><strong>lang</strong></span> <span class='ocrx_word' id='word_1_329' title='bbox 932 3815 1105 3882; x_wconf 77' lang='lat' dir='ltr'><strong>(alc-307)</strong></span> <span class='ocrx_word' id='word_1_330' title='bbox 1131 3815 1178 3868; x_wconf 86' lang='lat' dir='ltr'><strong>ein</strong></span> <span class='ocrx_word' id='word_1_331' title='bbox 1196 3813 1303 3882; x_wconf 75' lang='lat' dir='ltr'><strong>vielqe·</strong></span> 
     </span>
     <span class='ocr_line' id='line_1_41' title="bbox 125 3881 1304 3954; baseline 0.003 -18"><span class='ocrx_word' id='word_1_332' title='bbox 125 3883 154 3938; x_wconf 90' lang='lat' dir='ltr'><strong>in</strong></span> <span class='ocrx_word' id='word_1_333' title='bbox 173 3883 267 3937; x_wconf 85' lang='lat' dir='ltr'><strong>Athen</strong></span> <span class='ocrx_word' id='word_1_334' title='bbox 289 3883 346 3937; x_wconf 89' lang='lat' dir='ltr'><strong>und</strong></span> <span class='ocrx_word' id='word_1_335' title='bbox 370 3881 541 3938; x_wconf 81' lang='lat' dir='ltr'><strong>anderwarts</strong></span> <span class='ocrx_word' id='word_1_336' title='bbox 565 3881 611 3937; x_wconf 89' lang='lat' dir='ltr'><strong>die</strong></span> <span class='ocrx_word' id='word_1_337' title='bbox 630 3900 686 3938; x_wconf 84' lang='lat' dir='ltr'><strong>von</strong></span> <span class='ocrx_word' id='word_1_338' title='bbox 738 3883 880 3952; x_wconf 88' lang='lat' dir='ltr'><strong>priasenes</strong></span> <span class='ocrx_word' id='word_1_339' title='bbox 899 3883 1050 3953; x_wconf 76' lang='lat' dir='ltr'><strong>Regiment</strong></span> <span class='ocrx_word' id='word_1_340' title='bbox 1071 3883 1102 3938; x_wconf 88' lang='lat' dir='ltr'><strong>in</strong></span> <span class='ocrx_word' id='word_1_341' title='bbox 1120 3886 1230 3954; x_wconf 86' lang='lat' dir='ltr'><strong>Athen,</strong></span> <span class='ocrx_word' id='word_1_342' title='bbox 1258 3884 1304 3940; x_wconf 89' lang='lat' dir='ltr'><strong>bei</strong></span> 
     </span>
     <span class='ocr_line' id='line_1_42' title="bbox 124 3953 1286 4024; baseline 0.003 -16"><span class='ocrx_word' id='word_1_343' title='bbox 124 3954 274 4023; x_wconf 86' lang='lat' dir='ltr'><strong>Antipater</strong></span> <span class='ocrx_word' id='word_1_344' title='bbox 310 3953 488 4024; x_wconf 81' lang='lat' dir='ltr'><strong>eingelegtan</strong></span> <span class='ocrx_word' id='word_1_345' title='bbox 527 3953 684 4009; x_wconf 88' lang='lat' dir='ltr'><strong>macedoni·</strong></span> <span class='ocrx_word' id='word_1_346' title='bbox 739 3953 966 4023; x_wconf 83' lang='lat' dir='ltr'><strong>oligarchischen</strong></span> <span class='ocrx_word' id='word_1_347' title='bbox 979 3953 1286 4024; x_wconf 78' lang='lat' dir='ltr'><strong>Verfassungslormen.</strong></span> 
     </span>
     <span class='ocr_line' id='line_1_43' title="bbox 125 4023 1303 4096; baseline 0.003 -18"><span class='ocrx_word' id='word_1_348' title='bbox 125 4026 212 4080; x_wconf 80' lang='lat' dir='ltr'><strong>echan</strong></span> <span class='ocrx_word' id='word_1_349' title='bbox 235 4026 429 4096; x_wconf 82' lang='lat' dir='ltr'><strong>Besatanngen</strong></span> <span class='ocrx_word' id='word_1_350' title='bbox 457 4023 685 4094; x_wconf 77' lang='lat' dir='ltr'><strong>zurackgezogen</strong></span> <span class='ocrx_word' id='word_1_351' title='bbox 777 4025 798 4095; x_wconf 78' lang='grc'><strong>8)</strong></span> <span class='ocrx_word' id='word_1_352' title='bbox 817 4025 874 4080; x_wconf 87' lang='lat' dir='ltr'><strong>Das</strong></span> <span class='ocrx_word' id='word_1_353' title='bbox 888 4025 1000 4081; x_wconf 72' lang='lat' dir='ltr'><strong>Nthera</strong></span> <span class='ocrx_word' id='word_1_354' title='bbox 1015 4026 1091 4081; x_wconf 89' lang='lat' dir='ltr'><strong>siehe</strong></span> <span class='ocrx_word' id='word_1_355' title='bbox 1105 4025 1187 4081; x_wconf 90' lang='lat' dir='ltr'><strong>Anm.</strong></span> <span class='ocrx_word' id='word_1_356' title='bbox 1199 4032 1225 4082; x_wconf 85' lang='grc'><strong>6.</strong></span> <span class='ocrx_word' id='word_1_357' title='bbox 1249 4025 1303 4082; x_wconf 88' lang='lat' dir='ltr'><strong>Da·</strong></span> 
     </span>
     <span class='ocr_line' id='line_1_44' title="bbox 125 4095 1305 4153; baseline 0.002 -3"><span class='ocrx_word' id='word_1_358' title='bbox 125 4097 181 4150; x_wconf 90' lang='lat' dir='ltr'><strong>und</strong></span> <span class='ocrx_word' id='word_1_359' title='bbox 210 4096 264 4151; x_wconf 92' lang='lat' dir='ltr'><strong>den</strong></span> <span class='ocrx_word' id='word_1_360' title='bbox 294 4097 467 4152; x_wconf 87' lang='lat' dir='ltr'><strong>verbannten</strong></span> <span class='ocrx_word' id='word_1_361' title='bbox 494 4095 685 4150; x_wconf 84' lang='lat' dir='ltr'><strong>Demokraten</strong></span> <span class='ocrx_word' id='word_1_362' title='bbox 738 4096 878 4150; x_wconf 84' lang='lat' dir='ltr'><strong>awischcn</strong></span> <span class='ocrx_word' id='word_1_363' title='bbox 906 4095 954 4149; x_wconf 87' lang='lat' dir='ltr'><strong>fiel</strong></span> <span class='ocrx_word' id='word_1_364' title='bbox 976 4114 1035 4151; x_wconf 91' lang='lat' dir='ltr'><strong>nun</strong></span> <span class='ocrx_word' id='word_1_365' title='bbox 1057 4099 1116 4152; x_wconf 90' lang='lat' dir='ltr'><strong>erst</strong></span> <span class='ocrx_word' id='word_1_366' title='bbox 1142 4096 1188 4151; x_wconf 87' lang='lat' dir='ltr'><strong>dia</strong></span> <span class='ocrx_word' id='word_1_367' title='bbox 1216 4098 1305 4153; x_wconf 86' lang='lat' dir='ltr'><strong>schoa</strong></span> 
     </span>
     <span class='ocr_line' id='line_1_45' title="bbox 125 4165 1304 4238; baseline 0.002 -17"><span class='ocrx_word' id='word_1_368' title='bbox 125 4167 171 4222; x_wconf 92' lang='lat' dir='ltr'><strong>die</strong></span> <span class='ocrx_word' id='word_1_369' title='bbox 185 4167 338 4223; x_wconf 80' lang='lat' dir='ltr'><strong>Rdcklrehr</strong></span> <span class='ocrx_word' id='word_1_370' title='bbox 354 4168 499 4238; x_wconf 81' lang='lat' dir='ltr'><strong>gestattet.</strong></span> <span class='ocrx_word' id='word_1_371' title='bbox 529 4166 684 4221; x_wconf 83' lang='lat' dir='ltr'><strong>Cassander</strong></span> <span class='ocrx_word' id='word_1_372' title='bbox 738 4168 881 4222; x_wconf 79' lang='lat' dir='ltr'><strong>erwtthnte</strong></span> <span class='ocrx_word' id='word_1_373' title='bbox 913 4165 1069 4222; x_wconf 79' lang='lat' dir='ltr'><strong>Einnahme</strong></span> <span class='ocrx_word' id='word_1_374' title='bbox 1105 4167 1156 4222; x_wconf 87' lang='lat' dir='ltr'><strong>des</strong></span> <span class='ocrx_word' id='word_1_375' title='bbox 1188 4166 1304 4225; x_wconf 56' lang='lat' dir='ltr'><strong>Piruus</strong></span> 
     </span>
     <span class='ocr_line' id='line_1_46' title="bbox 126 4236 974 4308; baseline 0.002 -16"><span class='ocrx_word' id='word_1_376' title='bbox 126 4239 223 4293; x_wconf 90' lang='lat' dir='ltr'><strong>suchte</strong></span> <span class='ocrx_word' id='word_1_377' title='bbox 242 4256 312 4308; x_wconf 89' lang='lat' dir='ltr'><strong>nun,</strong></span> <span class='ocrx_word' id='word_1_378' title='bbox 334 4240 385 4294; x_wconf 91' lang='lat' dir='ltr'><strong>ehe</strong></span> <span class='ocrx_word' id='word_1_379' title='bbox 405 4255 434 4293; x_wconf 92' lang='lat' dir='ltr'><strong>er</strong></span> <span class='ocrx_word' id='word_1_380' title='bbox 452 4238 481 4292; x_wconf 87' lang='lat' dir='ltr'><strong>in</strong></span> <span class='ocrx_word' id='word_1_381' title='bbox 499 4236 684 4292; x_wconf 81' lang='lat' dir='ltr'><strong>Macedonica</strong></span> <span class='ocrx_word' id='word_1_382' title='bbox 737 4238 825 4293; x_wconf 93' lang='lat' dir='ltr'><strong>durch</strong></span> <span class='ocrx_word' id='word_1_383' title='bbox 843 4236 974 4294; x_wconf 87' lang='lat' dir='ltr'><strong>Nicanor.</strong></span> 
     </span>
     <span class='ocr_line' id='line_1_47' title="bbox 125 4306 1152 4380; baseline 0.002 -17"><span class='ocrx_word' id='word_1_384' title='bbox 125 4308 230 4364; x_wconf 85' lang='lat' dir='ltr'><strong>wieder</strong></span> <span class='ocrx_word' id='word_1_385' title='bbox 265 4310 384 4380; x_wconf 74' lang='lat' dir='ltr'><strong>anstrat,</strong></span> <span class='ocrx_word' id='word_1_386' title='bbox 416 4310 446 4365; x_wconf 87' lang='lat' dir='ltr'><strong>in</strong></span> <span class='ocrx_word' id='word_1_387' title='bbox 478 4306 684 4364; x_wconf 84' lang='lat' dir='ltr'><strong>Griechenland</strong></span> <span class='ocrx_word' id='word_1_388' title='bbox 773 4309 795 4378; x_wconf 79' lang='lat'><strong>⁹)</strong></span> <span class='ocrx_word' id='word_1_389' title='bbox 814 4309 852 4364; x_wconf 82' lang='lat' dir='ltr'><strong>Er</strong></span> <span class='ocrx_word' id='word_1_390' title='bbox 869 4325 928 4363; x_wconf 84' lang='lat' dir='ltr'><strong>war</strong></span> <span class='ocrx_word' id='word_1_391' title='bbox 946 4314 981 4365; x_wconf 82' lang='lat'><strong>85</strong></span> <span class='ocrx_word' id='word_1_392' title='bbox 999 4309 1084 4365; x_wconf 89' lang='lat' dir='ltr'><strong>Jahre</strong></span> <span class='ocrx_word' id='word_1_393' title='bbox 1103 4308 1152 4366; x_wconf 89' lang='lat' dir='ltr'><strong>alt.</strong></span> 
     </span>
    </p>
   </div>
   <div class='ocr_carea' id='block_1_4' title="bbox 0 0 1410 4786">
    <p class='ocr_par' dir='ltr' id='par_1_12' title="bbox 0 0 1410 4786">
     <span class='ocr_line' id='line_1_48' title="bbox 0 0 1410 4786; baseline 0 2"><span class='ocrx_word' id='word_1_394' title='bbox 0 0 1410 4786; x_wconf 95' lang='lat' dir='ltr'><strong> </strong></span> 
     </span>
    </p>
   </div>
  </div>
 </body>
</html>
