<?xml version="1.0" encoding="UTF-8"?>
<!DOCTYPE html PUBLIC "-//W3C//DTD XHTML 1.0 Transitional//EN"
    "http://www.w3.org/TR/xhtml1/DTD/xhtml1-transitional.dtd">
<html xmlns="http://www.w3.org/1999/xhtml" xml:lang="en" lang="en">
 <head>
  <title>
</title>
<meta http-equiv="Content-Type" content="text/html;charset=utf-8" />
  <meta name='ocr-system' content='tesseract 3.04.00' />
  <meta name='ocr-capabilities' content='ocr_page ocr_carea ocr_par ocr_line ocrx_word'/>
</head>
<body>
  <div class='ocr_page' id='page_1' title='image "./corneliinepotis04nepogoog_0060.png"; bbox 0 0 2812 4786; ppageno 0'>
   <div class='ocr_carea' id='block_1_1' title="bbox 486 97 1237 172">
    <p class='ocr_par' dir='ltr' id='par_1_1' title="bbox 486 97 1237 172">
     <span class='ocr_line' id='line_1_1' title="bbox 486 97 1237 172; baseline 0.013 -10"><span class='ocrx_word' id='word_1_1' title='bbox 486 107 558 164; x_wconf 79' lang='lat' dir='ltr'><strong>xlv.</strong></span> <span class='ocrx_word' id='word_1_2' title='bbox 588 106 821 163; x_wconf 67' lang='lat' dir='ltr'><strong>arrisisse.</strong></span> <span class='ocrx_word' id='word_1_3' title='bbox 1195 97 1237 172; x_wconf 76' lang='lat'><strong>47</strong></span> 
     </span>
    </p>
   </div>
   <div class='ocr_carea' id='block_1_2' title="bbox 10 269 1319 3197">
    <p class='ocr_par' dir='ltr' id='par_1_2' title="bbox 60 269 1237 357">
     <span class='ocr_line' id='line_1_2' title="bbox 60 269 1237 357; baseline 0 -21"><span class='ocrx_word' id='word_1_4' title='bbox 60 271 140 357; x_wconf 91' lang='lat' dir='ltr'><strong>ipse</strong></span> <span class='ocrx_word' id='word_1_5' title='bbox 164 293 237 336; x_wconf 89' lang='lat' dir='ltr'><strong>oum</strong></span> <span class='ocrx_word' id='word_1_6' title='bbox 261 272 326 337; x_wconf 89' lang='lat' dir='ltr'><strong>suis</strong></span> <span class='ocrx_word' id='word_1_7' title='bbox 349 270 384 335; x_wconf 93' lang='lat' dir='ltr'><strong>in</strong></span> <span class='ocrx_word' id='word_1_8' title='bbox 403 269 641 355; x_wconf 71' lang='lat' dir='ltr'><strong>Cappadociam</strong></span> <span class='ocrx_word' id='word_1_9' title='bbox 665 270 801 336; x_wconf 79' lang='lat' dir='ltr'>discedit</span> <span class='ocrx_word' id='word_1_10' title='bbox 823 291 956 353; x_wconf 89' lang='lat' dir='ltr'><strong>eamque</strong></span> <span class='ocrx_word' id='word_1_11' title='bbox 980 273 1013 335; x_wconf 86' lang='lat' dir='ltr'><strong>et</strong></span> <span class='ocrx_word' id='word_1_12' title='bbox 1032 272 1237 337; x_wconf 85' lang='lat' dir='ltr'><strong>coniunctam</strong></span> 
     </span>
    </p>

    <p class='ocr_par' dir='ltr' id='par_1_3' title="bbox 52 359 1319 1067">
     <span class='ocr_line' id='line_1_3' title="bbox 63 359 1239 445; baseline -0.001 -19"><span class='ocrx_word' id='word_1_13' title='bbox 63 362 98 426; x_wconf 91' lang='lat' dir='ltr'><strong>ei</strong></span> <span class='ocrx_word' id='word_1_14' title='bbox 121 359 383 445; x_wconf 82' lang='lat' dir='ltr'><strong>Paphlagoniam</strong></span> <span class='ocrx_word' id='word_1_15' title='bbox 408 367 557 444; x_wconf 88' lang='lat' dir='ltr'><strong>occupat,</strong></span> <span class='ocrx_word' id='word_1_16' title='bbox 580 360 798 436; x_wconf 83' lang='lat' dir='ltr'><strong>dissimulans,</strong></span> <span class='ocrx_word' id='word_1_17' title='bbox 821 382 883 444; x_wconf 86' lang='lat' dir='ltr'><strong>qua</strong></span> <span class='ocrx_word' id='word_1_18' title='bbox 906 359 1074 425; x_wconf 84' lang='lat' dir='ltr'><strong>voluntate</strong></span> <span class='ocrx_word' id='word_1_19' title='bbox 1098 366 1183 425; x_wconf 89' lang='lat' dir='ltr'><strong>esset</strong></span> <span class='ocrx_word' id='word_1_20' title='bbox 1204 361 1239 425; x_wconf 90' lang='lat' dir='ltr'><strong>in</strong></span> 
     </span>
     <span class='ocr_line' id='line_1_4' title="bbox 61 446 1240 534; baseline -0.002 -19"><span class='ocrx_word' id='word_1_21' title='bbox 61 470 186 534; x_wconf 90' lang='lat' dir='ltr'><strong>regem.</strong></span> <span class='ocrx_word' id='word_1_22' title='bbox 234 446 329 514; x_wconf 81' lang='lat' dir='ltr'><strong>(llam</strong></span> <span class='ocrx_word' id='word_1_23' title='bbox 351 470 424 513; x_wconf 88' lang='lat' dir='ltr'><strong>oum</strong></span> <span class='ocrx_word' id='word_1_24' title='bbox 446 448 668 514; x_wconf 85' lang='lat' dir='ltr'><strong>Ariobarzane</strong></span> <span class='ocrx_word' id='word_1_25' title='bbox 691 448 771 513; x_wconf 90' lang='lat' dir='ltr'><strong>facit</strong></span> <span class='ocrx_word' id='word_1_26' title='bbox 793 448 979 532; x_wconf 86' lang='lat' dir='ltr'><strong>amicitiam,</strong></span> <span class='ocrx_word' id='word_1_27' title='bbox 1002 471 1133 514; x_wconf 91' lang='lat' dir='ltr'><strong>manum</strong></span> <span class='ocrx_word' id='word_1_28' title='bbox 1157 471 1240 514; x_wconf 91' lang='lat' dir='ltr'><strong>com-</strong></span> 
     </span>
     <span class='ocr_line' id='line_1_5' title="bbox 62 534 1319 624; baseline -0.002 -21"><span class='ocrx_word' id='word_1_29' title='bbox 62 543 174 624; x_wconf 88' lang='lat' dir='ltr'><strong>parat,</strong></span> <span class='ocrx_word' id='word_1_30' title='bbox 197 538 292 603; x_wconf 89' lang='lat' dir='ltr'><strong>urbes</strong></span> <span class='ocrx_word' id='word_1_31' title='bbox 316 538 455 602; x_wconf 89' lang='lat' dir='ltr'><strong>munitas</strong></span> <span class='ocrx_word' id='word_1_32' title='bbox 480 539 547 602; x_wconf 90' lang='lat' dir='ltr'><strong>suis</strong></span> <span class='ocrx_word' id='word_1_33' title='bbox 570 537 706 602; x_wconf 89' lang='lat' dir='ltr'><strong>tuendas</strong></span> <span class='ocrx_word' id='word_1_34' title='bbox 729 534 885 624; x_wconf 58' lang='lat' dir='ltr'><strong>traditlf).</strong></span> <span class='ocrx_word' id='word_1_35' title='bbox 1315 538 1319 547; x_wconf 85' lang='lat'>&#39;</span> 
     </span>
     <span class='ocr_line' id='line_1_6' title="bbox 52 625 1279 711; baseline 0 -19"><span class='ocrx_word' id='word_1_36' title='bbox 52 647 59 660; x_wconf 69' lang='grc'>’</span> <span class='ocrx_word' id='word_1_37' title='bbox 156 625 213 692; x_wconf 86' lang='lat' dir='ltr'><strong>Vl.</strong></span> <span class='ocrx_word' id='word_1_38' title='bbox 246 626 308 692; x_wconf 84' lang='lat' dir='ltr'><strong>Sed</strong></span> <span class='ocrx_word' id='word_1_39' title='bbox 340 626 419 690; x_wconf 91' lang='lat' dir='ltr'><strong>haec</strong></span> <span class='ocrx_word' id='word_1_40' title='bbox 452 632 584 711; x_wconf 90' lang='lat' dir='ltr'><strong>propter</strong></span> <span class='ocrx_word' id='word_1_41' title='bbox 617 626 756 692; x_wconf 81' lang='lat' dir='ltr'><strong>hiemale</strong></span> <span class='ocrx_word' id='word_1_42' title='bbox 787 631 916 709; x_wconf 87' lang='lat' dir='ltr'><strong>tempus</strong></span> <span class='ocrx_word' id='word_1_43' title='bbox 948 626 1055 690; x_wconf 89' lang='lat' dir='ltr'><strong>minus</strong></span> <span class='ocrx_word' id='word_1_44' title='bbox 1087 647 1240 710; x_wconf 91' lang='lat' dir='ltr'><strong>prospere</strong></span> <span class='ocrx_word' id='word_1_45' title='bbox 1260 644 1279 692; x_wconf 78' lang='lat'><strong>1&#39;</strong></span> 
     </span>
     <span class='ocr_line' id='line_1_7' title="bbox 66 714 1240 802; baseline -0.002 -22"><span class='ocrx_word' id='word_1_46' title='bbox 66 716 296 802; x_wconf 87' lang='lat' dir='ltr'><strong>procedebant</strong></span> <span class='ocrx_word' id='word_1_47' title='bbox 335 714 438 780; x_wconf 90' lang='lat' dir='ltr'><strong>Audit</strong></span> <span class='ocrx_word' id='word_1_48' title='bbox 456 715 583 780; x_wconf 88' lang='lat' dir='ltr'><strong>Pisidas</strong></span> <span class='ocrx_word' id='word_1_49' title='bbox 608 715 765 798; x_wconf 90' lang='lat' dir='ltr'><strong>quosdam</strong></span> <span class='ocrx_word' id='word_1_50' title='bbox 788 715 872 779; x_wconf 91' lang='lat' dir='ltr'><strong>clam</strong></span> <span class='ocrx_word' id='word_1_51' title='bbox 895 715 1005 799; x_wconf 89' lang='lat' dir='ltr'><strong>copias</strong></span> <span class='ocrx_word' id='word_1_52' title='bbox 1030 715 1182 780; x_wconf 88' lang='lat' dir='ltr'><strong>adversus</strong></span> <span class='ocrx_word' id='word_1_53' title='bbox 1206 737 1240 780; x_wconf 93' lang='lat' dir='ltr'><strong>se</strong></span> 
     </span>
     <span class='ocr_line' id='line_1_8' title="bbox 64 803 1240 890; baseline -0.002 -20"><span class='ocrx_word' id='word_1_54' title='bbox 64 826 194 890; x_wconf 88' lang='lat' dir='ltr'><strong>parare.</strong></span> <span class='ocrx_word' id='word_1_55' title='bbox 242 803 360 869; x_wconf 84' lang='lat' dir='ltr'><strong>Filium</strong></span> <span class='ocrx_word' id='word_1_56' title='bbox 387 825 425 869; x_wconf 95' lang='lat' dir='ltr'><strong>eo</strong></span> <span class='ocrx_word' id='word_1_57' title='bbox 453 804 646 869; x_wconf 85' lang='lat' dir='ltr'><strong>Arsidaeum</strong></span> <span class='ocrx_word' id='word_1_58' title='bbox 674 825 747 870; x_wconf 90' lang='lat' dir='ltr'><strong>cum</strong></span> <span class='ocrx_word' id='word_1_59' title='bbox 774 804 917 869; x_wconf 86' lang='lat' dir='ltr'><strong>exercitu</strong></span> <span class='ocrx_word' id='word_1_60' title='bbox 945 804 1060 869; x_wconf 86' lang='lat' dir='ltr'><strong>mittit:</strong></span> <span class='ocrx_word' id='word_1_61' title='bbox 1092 804 1179 868; x_wconf 87' lang='lat' dir='ltr'><strong>cadit</strong></span> <span class='ocrx_word' id='word_1_62' title='bbox 1206 805 1240 868; x_wconf 94' lang='lat' dir='ltr'><strong>in</strong></span> 
     </span>
     <span class='ocr_line' id='line_1_9' title="bbox 65 893 1240 979; baseline -0.002 -21"><span class='ocrx_word' id='word_1_63' title='bbox 65 894 190 978; x_wconf 92' lang='lat' dir='ltr'><strong>proelio</strong></span> <span class='ocrx_word' id='word_1_64' title='bbox 215 893 414 960; x_wconf 82' lang='lat' dir='ltr'><strong>adulescens.</strong></span> <span class='ocrx_word' id='word_1_65' title='bbox 452 893 672 958; x_wconf 88' lang='lat' dir='ltr'><strong>Proficiscitur</strong></span> <span class='ocrx_word' id='word_1_66' title='bbox 696 915 733 958; x_wconf 95' lang='lat' dir='ltr'><strong>eo</strong></span> <span class='ocrx_word' id='word_1_67' title='bbox 752 896 845 976; x_wconf 86' lang='lat' dir='ltr'><strong>pater</strong></span> <span class='ocrx_word' id='word_1_68' title='bbox 867 914 935 957; x_wconf 91' lang='lat' dir='ltr'><strong>non</strong></span> <span class='ocrx_word' id='word_1_69' title='bbox 957 894 1005 957; x_wconf 89' lang='lat' dir='ltr'><strong>ita</strong></span> <span class='ocrx_word' id='word_1_70' title='bbox 1024 914 1144 979; x_wconf 90' lang='lat' dir='ltr'><strong>magna</strong></span> <span class='ocrx_word' id='word_1_71' title='bbox 1167 915 1240 958; x_wconf 88' lang='lat' dir='ltr'><strong>oum</strong></span> 
     </span>
     <span class='ocr_line' id='line_1_10' title="bbox 65 982 1240 1067; baseline -0.002 -19"><span class='ocrx_word' id='word_1_72' title='bbox 65 1004 175 1064; x_wconf 89' lang='lat' dir='ltr'><strong>manu,</strong></span> <span class='ocrx_word' id='word_1_73' title='bbox 198 983 316 1061; x_wconf 85' lang='lat' dir='ltr'><strong>celans,</strong></span> <span class='ocrx_word' id='word_1_74' title='bbox 340 986 496 1067; x_wconf 89' lang='lat' dir='ltr'><strong>quantum</strong></span> <span class='ocrx_word' id='word_1_75' title='bbox 518 982 636 1046; x_wconf 89' lang='lat' dir='ltr'><strong>vulnus</strong></span> <span class='ocrx_word' id='word_1_76' title='bbox 656 983 841 1065; x_wconf 74' lang='lat' dir='ltr'><strong>accepisset,</strong></span> <span class='ocrx_word' id='word_1_77' title='bbox 865 983 959 1066; x_wconf 92' lang='lat' dir='ltr'><strong>quod,</strong></span> <span class='ocrx_word' id='word_1_78' title='bbox 978 1003 1018 1046; x_wconf 93' lang='lat' dir='ltr'><strong>ne</strong></span> <span class='ocrx_word' id='word_1_79' title='bbox 1038 983 1138 1047; x_wconf 91' lang='lat' dir='ltr'><strong>animi</strong></span> <span class='ocrx_word' id='word_1_80' title='bbox 1157 983 1240 1046; x_wconf 91' lang='lat' dir='ltr'><strong>mili-</strong></span> 
     </span>
    </p>

    <p class='ocr_par' dir='ltr' id='par_1_4' title="bbox 12 1070 1276 2932">
     <span class='ocr_line' id='line_1_11' title="bbox 12 1070 1240 1155; baseline -0.002 -19"><span class='ocrx_word' id='word_1_81' title='bbox 12 1120 18 1128; x_wconf 86' lang='lat'><strong>.</strong></span> <span class='ocrx_word' id='word_1_82' title='bbox 64 1075 136 1136; x_wconf 88' lang='lat' dir='ltr'><strong>tum</strong></span> <span class='ocrx_word' id='word_1_83' title='bbox 156 1070 416 1154; x_wconf 90' lang='lat' dir='ltr'><strong>debilitarentur,</strong></span> <span class='ocrx_word' id='word_1_84' title='bbox 439 1071 531 1155; x_wconf 91' lang='lat' dir='ltr'><strong>prius</strong></span> <span class='ocrx_word' id='word_1_85' title='bbox 555 1070 596 1135; x_wconf 91' lang='lat' dir='ltr'><strong>ad</strong></span> <span class='ocrx_word' id='word_1_86' title='bbox 616 1070 746 1135; x_wconf 83' lang='lat' dir='ltr'><strong>hostem</strong></span> <span class='ocrx_word' id='word_1_87' title='bbox 768 1070 935 1155; x_wconf 86' lang='lat' dir='ltr'><strong>pervenire</strong></span> <span class='ocrx_word' id='word_1_88' title='bbox 959 1071 1120 1155; x_wconf 85' lang='lat' dir='ltr'><strong>cupiebat,</strong></span> <span class='ocrx_word' id='word_1_89' title='bbox 1143 1093 1240 1154; x_wconf 90' lang='lat' dir='ltr'><strong>quam</strong></span> 
     </span>
     <span class='ocr_line' id='line_1_12' title="bbox 66 1158 1276 1244; baseline 0 -20"><span class='ocrx_word' id='word_1_90' title='bbox 66 1160 104 1225; x_wconf 92' lang='lat' dir='ltr'><strong>de</strong></span> <span class='ocrx_word' id='word_1_91' title='bbox 127 1160 215 1224; x_wconf 89' lang='lat' dir='ltr'><strong>male</strong></span> <span class='ocrx_word' id='word_1_92' title='bbox 237 1181 272 1224; x_wconf 95' lang='lat' dir='ltr'><strong>re</strong></span> <span class='ocrx_word' id='word_1_93' title='bbox 295 1159 504 1244; x_wconf 81' lang='lat' dir='ltr'><strong>gestatama</strong></span> <span class='ocrx_word' id='word_1_94' title='bbox 533 1159 574 1224; x_wconf 91' lang='lat' dir='ltr'><strong>ad</strong></span> <span class='ocrx_word' id='word_1_95' title='bbox 601 1182 677 1225; x_wconf 90' lang='lat' dir='ltr'><strong>suos</strong></span> <span class='ocrx_word' id='word_1_96' title='bbox 700 1159 876 1224; x_wconf 87' lang='lat' dir='ltr'><strong>afferretur.</strong></span> <span class='ocrx_word' id='word_1_97' title='bbox 922 1158 992 1234; x_wconf 78' lang='lat' dir='ltr'><strong>Quo</strong></span> <span class='ocrx_word' id='word_1_98' title='bbox 1020 1159 1239 1238; x_wconf 84' lang='lat' dir='ltr'><strong>contenderat,</strong></span> <span class='ocrx_word' id='word_1_99' title='bbox 1258 1177 1276 1224; x_wconf 84' lang='lat' dir='ltr'><strong>z</strong></span> 
     </span>
     <span class='ocr_line' id='line_1_13' title="bbox 65 1248 1239 1334; baseline -0.002 -20"><span class='ocrx_word' id='word_1_100' title='bbox 65 1250 219 1334; x_wconf 84' lang='lat' dir='ltr'><strong>pervenit</strong></span> <span class='ocrx_word' id='word_1_101' title='bbox 240 1248 344 1333; x_wconf 92' lang='lat' dir='ltr'><strong>iisque</strong></span> <span class='ocrx_word' id='word_1_102' title='bbox 367 1248 448 1312; x_wconf 90' lang='lat' dir='ltr'><strong>loois</strong></span> <span class='ocrx_word' id='word_1_103' title='bbox 471 1251 578 1313; x_wconf 87' lang='lat' dir='ltr'><strong>castra</strong></span> <span class='ocrx_word' id='word_1_104' title='bbox 596 1249 698 1333; x_wconf 91' lang='lat' dir='ltr'><strong>ponit,</strong></span> <span class='ocrx_word' id='word_1_105' title='bbox 721 1253 758 1313; x_wconf 90' lang='lat' dir='ltr'><strong>ut</strong></span> <span class='ocrx_word' id='word_1_106' title='bbox 779 1270 883 1332; x_wconf 89' lang='lat' dir='ltr'><strong>neque</strong></span> <span class='ocrx_word' id='word_1_107' title='bbox 907 1249 1070 1312; x_wconf 86' lang='lat' dir='ltr'><strong>circumiri</strong></span> <span class='ocrx_word' id='word_1_108' title='bbox 1093 1249 1239 1312; x_wconf 91' lang='lat' dir='ltr'><strong>multitu·</strong></span> 
     </span>
     <span class='ocr_line' id='line_1_14' title="bbox 66 1336 1239 1422; baseline -0.002 -19"><span class='ocrx_word' id='word_1_109' title='bbox 66 1338 140 1403; x_wconf 92' lang='lat' dir='ltr'><strong>dine</strong></span> <span class='ocrx_word' id='word_1_110' title='bbox 165 1337 423 1402; x_wconf 86' lang='lat' dir='ltr'><strong>adversariorum</strong></span> <span class='ocrx_word' id='word_1_111' title='bbox 445 1341 558 1420; x_wconf 90' lang='lat' dir='ltr'><strong>posset</strong></span> <span class='ocrx_word' id='word_1_112' title='bbox 579 1358 684 1422; x_wconf 90' lang='lat' dir='ltr'><strong>neque</strong></span> <span class='ocrx_word' id='word_1_113' title='bbox 707 1336 867 1421; x_wconf 89' lang='lat' dir='ltr'><strong>impediri,</strong></span> <span class='ocrx_word' id='word_1_114' title='bbox 892 1358 955 1420; x_wconf 95' lang='lat' dir='ltr'><strong>quo</strong></span> <span class='ocrx_word' id='word_1_115' title='bbox 979 1338 1085 1401; x_wconf 89' lang='lat' dir='ltr'><strong>minus</strong></span> <span class='ocrx_word' id='word_1_116' title='bbox 1105 1337 1175 1420; x_wconf 89' lang='lat' dir='ltr'><strong>ipse</strong></span> <span class='ocrx_word' id='word_1_117' title='bbox 1198 1337 1239 1401; x_wconf 89' lang='lat' dir='ltr'><strong>ad</strong></span> 
     </span>
     <span class='ocr_line' id='line_1_15' title="bbox 65 1425 1275 1510; baseline -0.002 -18"><span class='ocrx_word' id='word_1_118' title='bbox 65 1426 284 1492; x_wconf 91' lang='lat' dir='ltr'><strong>dimicandum</strong></span> <span class='ocrx_word' id='word_1_119' title='bbox 308 1448 439 1490; x_wconf 90' lang='lat' dir='ltr'><strong>manum</strong></span> <span class='ocrx_word' id='word_1_120' title='bbox 457 1426 593 1490; x_wconf 89' lang='lat' dir='ltr'><strong>haberet</strong></span> <span class='ocrx_word' id='word_1_121' title='bbox 615 1426 808 1510; x_wconf 88' lang='lat' dir='ltr'><strong>expeditam.</strong></span> <span class='ocrx_word' id='word_1_122' title='bbox 844 1425 927 1490; x_wconf 77' lang='lat' dir='ltr'><strong>Erat</strong></span> <span class='ocrx_word' id='word_1_123' title='bbox 950 1447 1023 1490; x_wconf 91' lang='lat' dir='ltr'><strong>cum</strong></span> <span class='ocrx_word' id='word_1_124' title='bbox 1046 1448 1084 1491; x_wconf 89' lang='lat' dir='ltr'><strong>eo</strong></span> <span class='ocrx_word' id='word_1_125' title='bbox 1098 1425 1275 1491; x_wconf 69' lang='lat' dir='ltr'><strong>Mithrae</strong></span> 
     </span>
     <span class='ocr_line' id='line_1_16' title="bbox 64 1514 1240 1600; baseline 0 -21"><span class='ocrx_word' id='word_1_126' title='bbox 64 1516 233 1598; x_wconf 89' lang='lat' dir='ltr'><strong>barzanes,</strong></span> <span class='ocrx_word' id='word_1_127' title='bbox 257 1536 346 1580; x_wconf 89' lang='lat' dir='ltr'><strong>socer</strong></span> <span class='ocrx_word' id='word_1_128' title='bbox 369 1514 446 1597; x_wconf 90' lang='lat' dir='ltr'><strong>eius,</strong></span> <span class='ocrx_word' id='word_1_129' title='bbox 470 1514 655 1599; x_wconf 86' lang='lat' dir='ltr'><strong>praefectus</strong></span> <span class='ocrx_word' id='word_1_130' title='bbox 678 1516 830 1600; x_wconf 91' lang='lat' dir='ltr'><strong>equitum.</strong></span> <span class='ocrx_word' id='word_1_131' title='bbox 870 1515 902 1579; x_wconf 91' lang='lat' dir='ltr'><strong>ls</strong></span> <span class='ocrx_word' id='word_1_132' title='bbox 926 1514 1105 1599; x_wconf 88' lang='lat' dir='ltr'><strong>desperatis</strong></span> <span class='ocrx_word' id='word_1_133' title='bbox 1129 1515 1240 1600; x_wconf 79' lang='lat' dir='ltr'><strong>generi</strong></span> 
     </span>
     <span class='ocr_line' id='line_1_17' title="bbox 67 1602 1239 1689; baseline -0.001 -21"><span class='ocrx_word' id='word_1_134' title='bbox 67 1605 164 1669; x_wconf 88' lang='lat' dir='ltr'><strong>rebus</strong></span> <span class='ocrx_word' id='word_1_135' title='bbox 189 1603 230 1668; x_wconf 86' lang='lat' dir='ltr'><strong>ad</strong></span> <span class='ocrx_word' id='word_1_136' title='bbox 252 1603 363 1669; x_wconf 88' lang='lat' dir='ltr'><strong>hostes</strong></span> <span class='ocrx_word' id='word_1_137' title='bbox 387 1602 573 1689; x_wconf 86' lang='lat' dir='ltr'><strong>transfugit.</strong></span> <span class='ocrx_word' id='word_1_138' title='bbox 613 1603 651 1668; x_wconf 92' lang='lat' dir='ltr'><strong>Id</strong></span> <span class='ocrx_word' id='word_1_139' title='bbox 673 1603 827 1669; x_wconf 80' lang='lat' dir='ltr'><strong>Datames</strong></span> <span class='ocrx_word' id='word_1_140' title='bbox 851 1608 888 1668; x_wconf 93' lang='lat' dir='ltr'><strong>ut</strong></span> <span class='ocrx_word' id='word_1_141' title='bbox 910 1603 1047 1686; x_wconf 86' lang='lat' dir='ltr'><strong>audivit,</strong></span> <span class='ocrx_word' id='word_1_142' title='bbox 1072 1604 1187 1687; x_wconf 79' lang='lat' dir='ltr'><strong>sensit,</strong></span> <span class='ocrx_word' id='word_1_143' title='bbox 1211 1605 1239 1667; x_wconf 89' lang='lat' dir='ltr'><strong>si</strong></span> 
     </span>
     <span class='ocr_line' id='line_1_18' title="bbox 66 1691 1239 1775; baseline -0.002 -17"><span class='ocrx_word' id='word_1_144' title='bbox 66 1693 100 1758; x_wconf 90' lang='lat' dir='ltr'><strong>in</strong></span> <span class='ocrx_word' id='word_1_145' title='bbox 133 1693 267 1758; x_wconf 85' lang='lat' dir='ltr'><strong>turbam</strong></span> <span class='ocrx_word' id='word_1_146' title='bbox 299 1693 419 1757; x_wconf 81' lang='lat' dir='ltr'><strong>exisset</strong></span> <span class='ocrx_word' id='word_1_147' title='bbox 454 1692 496 1756; x_wconf 94' lang='lat' dir='ltr'><strong>ab</strong></span> <span class='ocrx_word' id='word_1_148' title='bbox 527 1691 659 1757; x_wconf 86' lang='lat' dir='ltr'><strong>homine</strong></span> <span class='ocrx_word' id='word_1_149' title='bbox 695 1696 764 1756; x_wconf 85' lang='lat' dir='ltr'><strong>tam</strong></span> <span class='ocrx_word' id='word_1_150' title='bbox 797 1693 979 1756; x_wconf 86' lang='lat' dir='ltr'><strong>necessario</strong></span> <span class='ocrx_word' id='word_1_151' title='bbox 1018 1714 1051 1756; x_wconf 86' lang='lat' dir='ltr'><strong>se</strong></span> <span class='ocrx_word' id='word_1_152' title='bbox 1083 1692 1239 1775; x_wconf 88' lang='lat' dir='ltr'><strong>relictum,</strong></span> 
     </span>
     <span class='ocr_line' id='line_1_19' title="bbox 64 1779 1275 1867; baseline -0.001 -20"><span class='ocrx_word' id='word_1_153' title='bbox 64 1781 215 1847; x_wconf 90' lang='lat' dir='ltr'><strong>futurum</strong></span> <span class='ocrx_word' id='word_1_154' title='bbox 236 1785 274 1846; x_wconf 88' lang='lat' dir='ltr'><strong>ut</strong></span> <span class='ocrx_word' id='word_1_155' title='bbox 292 1781 391 1846; x_wconf 91' lang='lat' dir='ltr'><strong>ceteri</strong></span> <span class='ocrx_word' id='word_1_156' title='bbox 413 1780 499 1845; x_wconf 92' lang='lat' dir='ltr'><strong>idem</strong></span> <span class='ocrx_word' id='word_1_157' title='bbox 517 1782 688 1846; x_wconf 88' lang='lat' dir='ltr'><strong>consilium</strong></span> <span class='ocrx_word' id='word_1_158' title='bbox 712 1785 928 1867; x_wconf 88' lang='lat' dir='ltr'><strong>sequerentur.</strong></span> <span class='ocrx_word' id='word_1_159' title='bbox 964 1780 1004 1844; x_wconf 92' lang='lat' dir='ltr'><strong>In</strong></span> <span class='ocrx_word' id='word_1_160' title='bbox 1022 1781 1138 1864; x_wconf 84' lang='lat' dir='ltr'><strong>vulgus</strong></span> <span class='ocrx_word' id='word_1_161' title='bbox 1158 1779 1236 1844; x_wconf 90' lang='lat' dir='ltr'><strong>edit:</strong></span> <span class='ocrx_word' id='word_1_162' title='bbox 1257 1797 1275 1846; x_wconf 85' lang='grc'>4</span> 
     </span>
     <span class='ocr_line' id='line_1_20' title="bbox 64 1869 1240 1954; baseline -0.003 -18"><span class='ocrx_word' id='word_1_163' title='bbox 64 1891 125 1936; x_wconf 88' lang='lat' dir='ltr'><strong>suo</strong></span> <span class='ocrx_word' id='word_1_164' title='bbox 154 1871 245 1935; x_wconf 90' lang='lat' dir='ltr'><strong>iussu</strong></span> <span class='ocrx_word' id='word_1_165' title='bbox 272 1869 582 1953; x_wconf 84' lang='lat' dir='ltr'><strong>Mithrobarzanem,</strong></span> <span class='ocrx_word' id='word_1_166' title='bbox 614 1893 677 1954; x_wconf 90' lang='lat' dir='ltr'><strong>quo</strong></span> <span class='ocrx_word' id='word_1_167' title='bbox 705 1869 835 1934; x_wconf 85' lang='lat' dir='ltr'><strong>facilius</strong></span> <span class='ocrx_word' id='word_1_168' title='bbox 867 1875 1015 1954; x_wconf 90' lang='lat' dir='ltr'><strong>receptus</strong></span> <span class='ocrx_word' id='word_1_169' title='bbox 1046 1869 1240 1934; x_wconf 87' lang='lat' dir='ltr'><strong>interficeret</strong></span> 
     </span>
     <span class='ocr_line' id='line_1_21' title="bbox 65 1957 1239 2043; baseline -0.001 -19"><span class='ocrx_word' id='word_1_170' title='bbox 65 1960 191 2042; x_wconf 88' lang='lat' dir='ltr'><strong>hostes,</strong></span> <span class='ocrx_word' id='word_1_171' title='bbox 212 1980 273 2042; x_wconf 93' lang='lat' dir='ltr'><strong>pro</strong></span> <span class='ocrx_word' id='word_1_172' title='bbox 292 1958 430 2042; x_wconf 88' lang='lat' dir='ltr'><strong>perfuga</strong></span> <span class='ocrx_word' id='word_1_173' title='bbox 448 1957 643 2041; x_wconf 87' lang='lat' dir='ltr'><strong>profectum:</strong></span> <span class='ocrx_word' id='word_1_174' title='bbox 667 1981 764 2043; x_wconf 90' lang='lat' dir='ltr'><strong>quare</strong></span> <span class='ocrx_word' id='word_1_175' title='bbox 789 1959 891 2023; x_wconf 90' lang='lat' dir='ltr'><strong>deseri</strong></span> <span class='ocrx_word' id='word_1_176' title='bbox 910 1981 982 2022; x_wconf 91' lang='lat' dir='ltr'><strong>eum</strong></span> <span class='ocrx_word' id='word_1_177' title='bbox 1006 1981 1066 2042; x_wconf 90' lang='lat' dir='ltr'><strong>par</strong></span> <span class='ocrx_word' id='word_1_178' title='bbox 1083 1979 1150 2024; x_wconf 90' lang='lat' dir='ltr'><strong>non</strong></span> <span class='ocrx_word' id='word_1_179' title='bbox 1169 1980 1239 2023; x_wconf 87' lang='lat' dir='ltr'><strong>esse</strong></span> 
     </span>
     <span class='ocr_line' id='line_1_22' title="bbox 65 2043 1240 2134; baseline 0 -22"><span class='ocrx_word' id='word_1_180' title='bbox 65 2043 150 2134; x_wconf 61' lang='lat' dir='ltr'><strong>etfl)</strong></span> <span class='ocrx_word' id='word_1_181' title='bbox 173 2068 284 2112; x_wconf 90' lang='lat' dir='ltr'><strong>omnes</strong></span> <span class='ocrx_word' id='word_1_182' title='bbox 304 2046 476 2113; x_wconf 88' lang='lat' dir='ltr'><strong>confestim</strong></span> <span class='ocrx_word' id='word_1_183' title='bbox 499 2049 599 2132; x_wconf 91' lang='lat' dir='ltr'><strong>sequi.</strong></span> <span class='ocrx_word' id='word_1_184' title='bbox 636 2048 776 2124; x_wconf 80' lang='lat' dir='ltr'><strong>Quodsi</strong></span> <span class='ocrx_word' id='word_1_185' title='bbox 798 2049 908 2114; x_wconf 89' lang='lat' dir='ltr'><strong>animo</strong></span> <span class='ocrx_word' id='word_1_186' title='bbox 928 2052 1058 2113; x_wconf 89' lang='lat' dir='ltr'><strong>strenuo</strong></span> <span class='ocrx_word' id='word_1_187' title='bbox 1078 2047 1240 2130; x_wconf 85' lang='lat' dir='ltr'><strong>fecissent,</strong></span> 
     </span>
     <span class='ocr_line' id='line_1_23' title="bbox 62 2137 1239 2222; baseline -0.002 -20"><span class='ocrx_word' id='word_1_188' title='bbox 62 2137 213 2202; x_wconf 87' lang='lat' dir='ltr'><strong>futurum</strong></span> <span class='ocrx_word' id='word_1_189' title='bbox 243 2140 281 2200; x_wconf 91' lang='lat' dir='ltr'><strong>ut</strong></span> <span class='ocrx_word' id='word_1_190' title='bbox 312 2137 490 2201; x_wconf 84' lang='lat' dir='ltr'><strong>adversarii</strong></span> <span class='ocrx_word' id='word_1_191' title='bbox 521 2159 587 2201; x_wconf 92' lang='lat' dir='ltr'><strong>non</strong></span> <span class='ocrx_word' id='word_1_192' title='bbox 618 2140 753 2221; x_wconf 88' lang='lat' dir='ltr'><strong>possent</strong></span> <span class='ocrx_word' id='word_1_193' title='bbox 784 2137 949 2222; x_wconf 89' lang='lat' dir='ltr'><strong>resistere,</strong></span> <span class='ocrx_word' id='word_1_194' title='bbox 982 2159 1055 2201; x_wconf 90' lang='lat' dir='ltr'><strong>cum</strong></span> <span class='ocrx_word' id='word_1_195' title='bbox 1089 2141 1121 2201; x_wconf 93' lang='lat' dir='ltr'><strong>et</strong></span> <span class='ocrx_word' id='word_1_196' title='bbox 1152 2137 1239 2200; x_wconf 89' lang='lat' dir='ltr'><strong>intra</strong></span> 
     </span>
     <span class='ocr_line' id='line_1_24' title="bbox 62 2224 1275 2310; baseline -0.002 -20"><span class='ocrx_word' id='word_1_197' title='bbox 62 2225 188 2290; x_wconf 80' lang='lat' dir='ltr'><strong>vallum</strong></span> <span class='ocrx_word' id='word_1_198' title='bbox 212 2228 246 2289; x_wconf 93' lang='lat' dir='ltr'><strong>et</strong></span> <span class='ocrx_word' id='word_1_199' title='bbox 263 2225 342 2290; x_wconf 92' lang='lat' dir='ltr'><strong>foris</strong></span> <span class='ocrx_word' id='word_1_200' title='bbox 366 2225 584 2290; x_wconf 87' lang='lat' dir='ltr'><strong>caederentur.</strong></span> <span class='ocrx_word' id='word_1_201' title='bbox 622 2225 691 2290; x_wconf 86' lang='lat' dir='ltr'><strong>Hac</strong></span> <span class='ocrx_word' id='word_1_202' title='bbox 714 2227 905 2310; x_wconf 88' lang='lat' dir='ltr'><strong>reprobata</strong></span> <span class='ocrx_word' id='word_1_203' title='bbox 928 2226 1104 2290; x_wconf 86' lang='lat' dir='ltr'><strong>exercitum</strong></span> <span class='ocrx_word' id='word_1_204' title='bbox 1123 2224 1275 2305; x_wconf 69' lang='lat' dir='ltr'><strong>educito</strong></span> 
     </span>
     <span class='ocr_line' id='line_1_25' title="bbox 63 2312 1238 2400; baseline -0.002 -22"><span class='ocrx_word' id='word_1_205' title='bbox 63 2312 365 2380; x_wconf 83' lang='lat' dir='ltr'><strong>Mithrobarzanem</strong></span> <span class='ocrx_word' id='word_1_206' title='bbox 392 2316 604 2398; x_wconf 87' lang='lat' dir='ltr'><strong>persequitur.</strong></span> <span class='ocrx_word' id='word_1_207' title='bbox 655 2313 718 2391; x_wconf 81' lang='lat' dir='ltr'><strong>Qui</strong></span> <span class='ocrx_word' id='word_1_208' title='bbox 746 2317 875 2380; x_wconf 89' lang='lat' dir='ltr'><strong>tantum</strong></span> <span class='ocrx_word' id='word_1_209' title='bbox 898 2312 1029 2400; x_wconf 84' lang='lat' dir='ltr'><strong>quod¹⁸)</strong></span> <span class='ocrx_word' id='word_1_210' title='bbox 1059 2314 1100 2378; x_wconf 86' lang='lat' dir='ltr'><strong>ad</strong></span> <span class='ocrx_word' id='word_1_211' title='bbox 1127 2314 1238 2378; x_wconf 90' lang='lat' dir='ltr'><strong>hostes</strong></span> 
     </span>
     <span class='ocr_line' id='line_1_26' title="bbox 62 2402 1276 2488; baseline -0.001 -21"><span class='ocrx_word' id='word_1_212' title='bbox 62 2406 266 2488; x_wconf 86' lang='lat' dir='ltr'><strong>pervenerat,</strong></span> <span class='ocrx_word' id='word_1_213' title='bbox 286 2402 443 2468; x_wconf 88' lang='lat' dir='ltr'><strong>Datames</strong></span> <span class='ocrx_word' id='word_1_214' title='bbox 468 2404 562 2488; x_wconf 90' lang='lat' dir='ltr'><strong>signa</strong></span> <span class='ocrx_word' id='word_1_215' title='bbox 580 2404 693 2468; x_wconf 90' lang='lat' dir='ltr'><strong>inferri</strong></span> <span class='ocrx_word' id='word_1_216' title='bbox 711 2403 810 2468; x_wconf 90' lang='lat' dir='ltr'><strong>iubet.</strong></span> <span class='ocrx_word' id='word_1_217' title='bbox 846 2403 974 2467; x_wconf 90' lang='lat' dir='ltr'><strong>Pisidae</strong></span> <span class='ocrx_word' id='word_1_218' title='bbox 997 2424 1082 2465; x_wconf 84' lang='lat' dir='ltr'><strong>nova</strong></span> <span class='ocrx_word' id='word_1_219' title='bbox 1100 2424 1134 2466; x_wconf 90' lang='lat' dir='ltr'><strong>re</strong></span> <span class='ocrx_word' id='word_1_220' title='bbox 1153 2423 1237 2467; x_wconf 86' lang='lat' dir='ltr'><strong>eom·</strong></span> <span class='ocrx_word' id='word_1_221' title='bbox 1257 2419 1276 2466; x_wconf 81' lang='lat' dir='ltr'><strong>e</strong></span> 
     </span>
     <span class='ocr_line' id='line_1_27' title="bbox 62 2491 1238 2576; baseline -0.003 -20"><span class='ocrx_word' id='word_1_222' title='bbox 62 2491 148 2556; x_wconf 91' lang='lat' dir='ltr'><strong>moti</strong></span> <span class='ocrx_word' id='word_1_223' title='bbox 165 2491 202 2556; x_wconf 92' lang='lat' dir='ltr'><strong>in</strong></span> <span class='ocrx_word' id='word_1_224' title='bbox 221 2491 409 2574; x_wconf 90' lang='lat' dir='ltr'><strong>opinionem</strong></span> <span class='ocrx_word' id='word_1_225' title='bbox 423 2491 625 2557; x_wconf 86' lang='lat' dir='ltr'><strong>adducuntur</strong></span> <span class='ocrx_word' id='word_1_226' title='bbox 640 2493 794 2576; x_wconf 80' lang='lat' dir='ltr'><strong>perfugas</strong></span> <span class='ocrx_word' id='word_1_227' title='bbox 813 2492 900 2556; x_wconf 91' lang='lat' dir='ltr'><strong>mala</strong></span> <span class='ocrx_word' id='word_1_228' title='bbox 913 2491 976 2555; x_wconf 84' lang='lat' dir='ltr'><strong>fide</strong></span> <span class='ocrx_word' id='word_1_229' title='bbox 996 2491 1238 2575; x_wconf 88' lang='lat' dir='ltr'><strong>compositoque</strong></span> 
     </span>
     <span class='ocr_line' id='line_1_28' title="bbox 62 2575 1238 2664; baseline -0.002 -20"><span class='ocrx_word' id='word_1_230' title='bbox 62 2580 193 2664; x_wconf 83' lang='lat' dir='ltr'><strong>fecisse,</strong></span> <span class='ocrx_word' id='word_1_231' title='bbox 227 2583 264 2645; x_wconf 89' lang='lat' dir='ltr'><strong>ut</strong></span> <span class='ocrx_word' id='word_1_232' title='bbox 293 2581 414 2664; x_wconf 87' lang='lat' dir='ltr'><strong>recepti</strong></span> <span class='ocrx_word' id='word_1_233' title='bbox 442 2581 557 2646; x_wconf 86' lang='lat' dir='ltr'><strong>maiori</strong></span> <span class='ocrx_word' id='word_1_234' title='bbox 589 2584 698 2645; x_wconf 90' lang='lat' dir='ltr'><strong>essent</strong></span> <span class='ocrx_word' id='word_1_235' title='bbox 725 2581 911 2645; x_wconf 87' lang='lat' dir='ltr'><strong>calamitati.</strong></span> <span class='ocrx_word' id='word_1_236' title='bbox 956 2579 1102 2644; x_wconf 92' lang='lat' dir='ltr'><strong>Primum</strong></span> <span class='ocrx_word' id='word_1_237' title='bbox 1111 2575 1150 2663; x_wconf 80' lang='lat'><strong>¹⁹)</strong></span> <span class='ocrx_word' id='word_1_238' title='bbox 1178 2579 1238 2643; x_wconf 92' lang='lat' dir='ltr'><strong>hos</strong></span> 
     </span>
     <span class='ocr_line' id='line_1_29' title="bbox 65 2666 1239 2755; baseline 0 -23"><span class='ocrx_word' id='word_1_239' title='bbox 65 2666 267 2735; x_wconf 83' lang='lat' dir='ltr'><strong>adoriuntur.</strong></span> <span class='ocrx_word' id='word_1_240' title='bbox 314 2668 487 2753; x_wconf 80' lang='lat' dir='ltr'><strong>Quicum,</strong></span> <span class='ocrx_word' id='word_1_241' title='bbox 515 2669 591 2753; x_wconf 92' lang='lat' dir='ltr'><strong>quid</strong></span> <span class='ocrx_word' id='word_1_242' title='bbox 620 2673 782 2755; x_wconf 84' lang='lat' dir='ltr'><strong>ageretur,</strong></span> <span class='ocrx_word' id='word_1_243' title='bbox 805 2671 1008 2753; x_wconf 88' lang='lat' dir='ltr'><strong>ignorarent,</strong></span> <span class='ocrx_word' id='word_1_244' title='bbox 1036 2668 1140 2733; x_wconf 88' lang='lat' dir='ltr'><strong>coacti</strong></span> <span class='ocrx_word' id='word_1_245' title='bbox 1163 2672 1239 2732; x_wconf 91' lang='lat' dir='ltr'><strong>sunt</strong></span> 
     </span>
     <span class='ocr_line' id='line_1_30' title="bbox 63 2757 1239 2843; baseline 0 -22"><span class='ocrx_word' id='word_1_246' title='bbox 63 2778 141 2822; x_wconf 87' lang='lat' dir='ltr'><strong>cum</strong></span> <span class='ocrx_word' id='word_1_247' title='bbox 168 2757 209 2821; x_wconf 90' lang='lat' dir='ltr'><strong>iis</strong></span> <span class='ocrx_word' id='word_1_248' title='bbox 235 2778 396 2843; x_wconf 89' lang='lat' dir='ltr'><strong>pugnare,</strong></span> <span class='ocrx_word' id='word_1_249' title='bbox 424 2759 464 2822; x_wconf 94' lang='lat' dir='ltr'><strong>ad</strong></span> <span class='ocrx_word' id='word_1_250' title='bbox 492 2781 572 2843; x_wconf 93' lang='lat' dir='ltr'><strong>quos</strong></span> <span class='ocrx_word' id='word_1_251' title='bbox 595 2758 805 2837; x_wconf 88' lang='lat' dir='ltr'><strong>transierant,</strong></span> <span class='ocrx_word' id='word_1_252' title='bbox 835 2759 875 2824; x_wconf 88' lang='lat' dir='ltr'><strong>ab</strong></span> <span class='ocrx_word' id='word_1_253' title='bbox 903 2758 1006 2843; x_wconf 90' lang='lat' dir='ltr'><strong>iisque</strong></span> <span class='ocrx_word' id='word_1_254' title='bbox 1031 2761 1129 2842; x_wconf 86' lang='lat' dir='ltr'><strong>stare,</strong></span> <span class='ocrx_word' id='word_1_255' title='bbox 1158 2779 1239 2841; x_wconf 90' lang='lat' dir='ltr'><strong>quos</strong></span> 
     </span>
     <span class='ocr_line' id='line_1_31' title="bbox 63 2844 1238 2932; baseline 0.002 -23"><span class='ocrx_word' id='word_1_256' title='bbox 63 2845 280 2930; x_wconf 89' lang='lat' dir='ltr'><strong>reliquerant:</strong></span> <span class='ocrx_word' id='word_1_257' title='bbox 297 2847 427 2932; x_wconf 91' lang='lat' dir='ltr'><strong>iamque</strong></span> <span class='ocrx_word' id='word_1_258' title='bbox 441 2847 565 2911; x_wconf 90' lang='lat' dir='ltr'><strong>neutris</strong></span> <span class='ocrx_word' id='word_1_259' title='bbox 580 2844 835 2932; x_wconf 58' lang='lat' dir='ltr'><strong>paroentibusw)</strong></span> <span class='ocrx_word' id='word_1_260' title='bbox 855 2848 1001 2913; x_wconf 87' lang='lat' dir='ltr'><strong>celeriter</strong></span> <span class='ocrx_word' id='word_1_261' title='bbox 1016 2852 1092 2911; x_wconf 90' lang='lat' dir='ltr'><strong>sunt</strong></span> <span class='ocrx_word' id='word_1_262' title='bbox 1109 2847 1238 2912; x_wconf 84' lang='lat' dir='ltr'><strong>concisi.</strong></span> 
     </span>
    </p>

    <p class='ocr_par' dir='ltr' id='par_1_5' title="bbox 10 2932 1272 3021">
     <span class='ocr_line' id='line_1_32' title="bbox 10 2932 1272 3021; baseline 0.001 -23"><span class='ocrx_word' id='word_1_263' title='bbox 10 3004 12 3009; x_wconf 60' lang='grc'>,</span> <span class='ocrx_word' id='word_1_264' title='bbox 64 2932 221 3019; x_wconf 84' lang='lat' dir='ltr'><strong>Reliquos</strong></span> <span class='ocrx_word' id='word_1_265' title='bbox 248 2935 373 3000; x_wconf 86' lang='lat' dir='ltr'><strong>Pisidas</strong></span> <span class='ocrx_word' id='word_1_266' title='bbox 401 2936 590 3000; x_wconf 89' lang='lat' dir='ltr'><strong>resistentes</strong></span> <span class='ocrx_word' id='word_1_267' title='bbox 618 2935 774 3001; x_wconf 89' lang='lat' dir='ltr'><strong>Datames</strong></span> <span class='ocrx_word' id='word_1_268' title='bbox 806 2937 944 3002; x_wconf 84' lang='lat' dir='ltr'><strong>invadit:</strong></span> <span class='ocrx_word' id='word_1_269' title='bbox 976 2937 1080 3021; x_wconf 94' lang='lat' dir='ltr'><strong>primo</strong></span> <span class='ocrx_word' id='word_1_270' title='bbox 1113 2937 1272 3020; x_wconf 77' lang='lat' dir='ltr'><strong>impetur</strong></span> 
     </span>
    </p>

    <p class='ocr_par' dir='ltr' id='par_1_6' title="bbox 10 3022 1273 3197">
     <span class='ocr_line' id='line_1_33' title="bbox 10 3022 1237 3109; baseline 0.002 -23"><span class='ocrx_word' id='word_1_271' title='bbox 10 3022 13 3051; x_wconf 73' lang='lat'>³</span> <span class='ocrx_word' id='word_1_272' title='bbox 67 3022 172 3107; x_wconf 85' lang='lat' dir='ltr'><strong>pellit,</strong></span> <span class='ocrx_word' id='word_1_273' title='bbox 196 3022 358 3108; x_wconf 84' lang='lat' dir='ltr'><strong>fugientes</strong></span> <span class='ocrx_word' id='word_1_274' title='bbox 382 3026 603 3108; x_wconf 89' lang='lat' dir='ltr'><strong>persequitur,</strong></span> <span class='ocrx_word' id='word_1_275' title='bbox 630 3025 751 3089; x_wconf 91' lang='lat' dir='ltr'><strong>multos</strong></span> <span class='ocrx_word' id='word_1_276' title='bbox 775 3025 941 3109; x_wconf 86' lang='lat' dir='ltr'><strong>interficit,</strong></span> <span class='ocrx_word' id='word_1_277' title='bbox 963 3031 1070 3090; x_wconf 86' lang='lat' dir='ltr'><strong>castra</strong></span> <span class='ocrx_word' id='word_1_278' title='bbox 1093 3024 1237 3089; x_wconf 89' lang='lat' dir='ltr'><strong>hostium</strong></span> 
     </span>
     <span class='ocr_line' id='line_1_34' title="bbox 70 3109 1273 3197; baseline 0.001 -23"><span class='ocrx_word' id='word_1_279' title='bbox 70 3111 161 3195; x_wconf 88' lang='lat' dir='ltr'><strong>capit</strong></span> <span class='ocrx_word' id='word_1_280' title='bbox 206 3109 279 3177; x_wconf 92' lang='lat' dir='ltr'><strong>Hoc</strong></span> <span class='ocrx_word' id='word_1_281' title='bbox 311 3113 445 3177; x_wconf 77' lang='lat' dir='ltr'><strong>consilio</strong></span> <span class='ocrx_word' id='word_1_282' title='bbox 477 3135 542 3177; x_wconf 90' lang='lat' dir='ltr'><strong>uno</strong></span> <span class='ocrx_word' id='word_1_283' title='bbox 577 3116 723 3197; x_wconf 89' lang='lat' dir='ltr'><strong>tempore</strong></span> <span class='ocrx_word' id='word_1_284' title='bbox 757 3119 790 3178; x_wconf 88' lang='lat' dir='ltr'><strong>et</strong></span> <span class='ocrx_word' id='word_1_285' title='bbox 820 3114 1001 3196; x_wconf 88' lang='lat' dir='ltr'><strong>proditores</strong></span> <span class='ocrx_word' id='word_1_286' title='bbox 1034 3112 1175 3196; x_wconf 88' lang='lat' dir='ltr'><strong>perculit</strong></span> <span class='ocrx_word' id='word_1_287' title='bbox 1204 3116 1273 3175; x_wconf 81' lang='lat' dir='ltr'><strong>ets</strong></span> 
     </span>
    </p>
   </div>
   <div class='ocr_carea' id='block_1_3' title="bbox 71 3197 1236 3287">
    <p class='ocr_par' dir='ltr' id='par_1_7' title="bbox 71 3197 1236 3287">
     <span class='ocr_line' id='line_1_35' title="bbox 71 3197 1236 3287; baseline 0.002 -24"><span class='ocrx_word' id='word_1_288' title='bbox 71 3197 176 3265; x_wconf 91' lang='lat' dir='ltr'><strong>hostes</strong></span> <span class='ocrx_word' id='word_1_289' title='bbox 200 3200 400 3287; x_wconf 87' lang='lat' dir='ltr'><strong>profligavit,</strong></span> <span class='ocrx_word' id='word_1_290' title='bbox 424 3205 469 3284; x_wconf 89' lang='lat' dir='ltr'><strong>et,</strong></span> <span class='ocrx_word' id='word_1_291' title='bbox 492 3202 578 3286; x_wconf 92' lang='lat' dir='ltr'><strong>quod</strong></span> <span class='ocrx_word' id='word_1_292' title='bbox 601 3202 640 3267; x_wconf 93' lang='lat' dir='ltr'><strong>ad</strong></span> <span class='ocrx_word' id='word_1_293' title='bbox 664 3203 839 3287; x_wconf 87' lang='lat' dir='ltr'><strong>perniciem</strong></span> <span class='ocrx_word' id='word_1_294' title='bbox 867 3223 959 3266; x_wconf 89' lang='lat' dir='ltr'><strong>suam</strong></span> <span class='ocrx_word' id='word_1_295' title='bbox 982 3201 1088 3266; x_wconf 88' lang='lat' dir='ltr'><strong>fuerat</strong></span> <span class='ocrx_word' id='word_1_296' title='bbox 1111 3201 1236 3285; x_wconf 86' lang='lat' dir='ltr'><strong>excogi-</strong></span> 
     </span>
    </p>
   </div>
   <div class='ocr_carea' id='block_1_4' title="bbox 10 3426 1238 4353">
    <p class='ocr_par' dir='ltr' id='par_1_8' title="bbox 102 3426 1238 3513">
     <span class='ocr_line' id='line_1_36' title="bbox 102 3426 1238 3513; baseline -0.001 -30"><span class='ocrx_word' id='word_1_297' title='bbox 102 3426 135 3499; x_wconf 70' lang='grc'><strong>1“)</strong></span> <span class='ocrx_word' id='word_1_298' title='bbox 152 3427 206 3483; x_wconf 90' lang='lat' dir='ltr'><strong>Die</strong></span> <span class='ocrx_word' id='word_1_299' title='bbox 223 3427 286 3483; x_wconf 85' lang='lat' dir='ltr'><strong>hier</strong></span> <span class='ocrx_word' id='word_1_300' title='bbox 304 3429 446 3484; x_wconf 73' lang='lat' dir='ltr'><strong>erwbhnte</strong></span> <span class='ocrx_word' id='word_1_301' title='bbox 460 3429 623 3500; x_wconf 80' lang='lat' dir='ltr'><strong>Empbrung</strong></span> <span class='ocrx_word' id='word_1_302' title='bbox 677 3429 732 3513; x_wconf 81' lang='lat' dir='ltr'><strong>ein,</strong></span> <span class='ocrx_word' id='word_1_303' title='bbox 751 3430 943 3513; x_wconf 30' lang='lat' dir='ltr'><strong>dasnaus‘par</strong></span> <span class='ocrx_word' id='word_1_304' title='bbox 960 3444 1017 3483; x_wconf 91' lang='lat' dir='ltr'><strong>non</strong></span> <span class='ocrx_word' id='word_1_305' title='bbox 1037 3444 1097 3483; x_wconf 88' lang='lat' dir='ltr'><strong>esse</strong></span> <span class='ocrx_word' id='word_1_306' title='bbox 1117 3426 1177 3481; x_wconf 91' lang='lat' dir='ltr'><strong>sich</strong></span> <span class='ocrx_word' id='word_1_307' title='bbox 1196 3445 1238 3511; x_wconf 79' lang='lat' dir='ltr'><strong>er·</strong></span> 
     </span>
    </p>

    <p class='ocr_par' dir='ltr' id='par_1_9' title="bbox 10 3493 1238 3584">
     <span class='ocr_line' id='line_1_37' title="bbox 10 3493 1238 3584; baseline 0.002 -32"><span class='ocrx_word' id='word_1_308' title='bbox 10 3544 13 3574; x_wconf 69' lang='lat'><strong>,</strong></span> <span class='ocrx_word' id='word_1_309' title='bbox 74 3493 141 3552; x_wconf 83' lang='lat' dir='ltr'><strong>kann</strong></span> <span class='ocrx_word' id='word_1_310' title='bbox 168 3502 227 3556; x_wconf 88' lang='lat' dir='ltr'><strong>erst</strong></span> <span class='ocrx_word' id='word_1_311' title='bbox 252 3499 321 3554; x_wconf 84' lang='lat' dir='ltr'><strong>kurz</strong></span> <span class='ocrx_word' id='word_1_312' title='bbox 344 3517 398 3584; x_wconf 66' lang='lat' dir='ltr'><strong>por</strong></span> <span class='ocrx_word' id='word_1_313' title='bbox 424 3507 475 3583; x_wconf 71' lang='lat' dir='ltr'><strong>3t53</strong></span> <span class='ocrx_word' id='word_1_314' title='bbox 504 3503 623 3570; x_wconf 87' lang='lat' dir='ltr'><strong>stattge-</strong></span> <span class='ocrx_word' id='word_1_315' title='bbox 676 3501 763 3570; x_wconf 80' lang='lat' dir='ltr'><strong>grebt.</strong></span> <span class='ocrx_word' id='word_1_316' title='bbox 800 3501 923 3556; x_wconf 80' lang='lat' dir='ltr'><strong>Ahnlrch</strong></span> <span class='ocrx_word' id='word_1_317' title='bbox 945 3517 1000 3570; x_wconf 91' lang='lat' dir='ltr'><strong>que</strong></span> <span class='ocrx_word' id='word_1_318' title='bbox 1013 3499 1095 3583; x_wconf 40' lang='lat' dir='ltr'><strong>&#39;nach</strong></span> <span class='ocrx_word' id='word_1_319' title='bbox 1117 3502 1238 3582; x_wconf 30' lang='lat' dir='ltr'><strong>‘negayrt</strong></span> 
     </span>
    </p>

    <p class='ocr_par' dir='ltr' id='par_1_10' title="bbox 73 3564 1238 3724">
     <span class='ocr_line' id='line_1_38' title="bbox 74 3564 1238 3652; baseline 0.003 -30"><span class='ocrx_word' id='word_1_320' title='bbox 74 3564 169 3625; x_wconf 81' lang='lat' dir='ltr'><strong>funden</strong></span> <span class='ocrx_word' id='word_1_321' title='bbox 186 3570 288 3652; x_wconf 79' lang='lat' dir='ltr'><strong>haben.</strong></span> <span class='ocrx_word' id='word_1_322' title='bbox 316 3569 368 3626; x_wconf 85' lang='lat' dir='ltr'><strong>Dre</strong></span> <span class='ocrx_word' id='word_1_323' title='bbox 383 3571 466 3626; x_wconf 85' lang='lat' dir='ltr'><strong>Notrz</strong></span> <span class='ocrx_word' id='word_1_324' title='bbox 485 3573 554 3626; x_wconf 80' lang='lat' dir='ltr'><strong>fiber</strong></span> <span class='ocrx_word' id='word_1_325' title='bbox 569 3573 622 3627; x_wconf 90' lang='lat' dir='ltr'><strong>den</strong></span> <span class='ocrx_word' id='word_1_326' title='bbox 677 3573 746 3627; x_wconf 83' lang='lat' dir='ltr'><strong>Cim.</strong></span> <span class='ocrx_word' id='word_1_327' title='bbox 765 3572 790 3640; x_wconf 92' lang='lat' dir='ltr'><strong>I,</strong></span> <span class='ocrx_word' id='word_1_328' title='bbox 809 3577 835 3626; x_wconf 81' lang='lat'><strong>4.</strong></span> <span class='ocrx_word' id='word_1_329' title='bbox 872 3571 909 3627; x_wconf 84' lang='lat' dir='ltr'><strong>Es</strong></span> <span class='ocrx_word' id='word_1_330' title='bbox 932 3572 970 3627; x_wconf 89' lang='lat' dir='ltr'><strong>ist</strong></span> <span class='ocrx_word' id='word_1_331' title='bbox 992 3572 1052 3627; x_wconf 85' lang='lat' dir='ltr'><strong>dres</strong></span> <span class='ocrx_word' id='word_1_332' title='bbox 1078 3572 1146 3626; x_wconf 81' lang='lat' dir='ltr'><strong>kern</strong></span> <span class='ocrx_word' id='word_1_333' title='bbox 1163 3571 1238 3626; x_wconf 85' lang='lat' dir='ltr'><strong>Idro·</strong></span> 
     </span>
     <span class='ocr_line' id='line_1_39' title="bbox 73 3632 964 3724; baseline 0.007 -31"><span class='ocrx_word' id='word_1_334' title='bbox 73 3632 185 3722; x_wconf 67' lang='lat' dir='ltr'><strong>lertrag</strong></span> <span class='ocrx_word' id='word_1_335' title='bbox 211 3644 265 3697; x_wconf 86' lang='lat' dir='ltr'><strong>mrt</strong></span> <span class='ocrx_word' id='word_1_336' title='bbox 291 3641 493 3724; x_wconf 81' lang='lat' dir='ltr'><strong>Ariobarzanes</strong></span> <span class='ocrx_word' id='word_1_337' title='bbox 521 3642 623 3713; x_wconf 81' lang='lat' dir='ltr'><strong>gehbrt</strong></span> <span class='ocrx_word' id='word_1_338' title='bbox 675 3643 776 3699; x_wconf 90' lang='lat' dir='ltr'><strong>tismus</strong></span> <span class='ocrx_word' id='word_1_339' title='bbox 796 3643 844 3697; x_wconf 90' lang='lat' dir='ltr'><strong>des</strong></span> <span class='ocrx_word' id='word_1_340' title='bbox 863 3644 964 3714; x_wconf 88' lang='lat' dir='ltr'><strong>Nepos.</strong></span> 
     </span>
    </p>

    <p class='ocr_par' dir='ltr' id='par_1_11' title="bbox 73 3711 1237 3869">
     <span class='ocr_line' id='line_1_40' title="bbox 73 3711 1237 3869; baseline -0.016 -58"><span class='ocrx_word' id='word_1_341' title='bbox 73 3711 621 3869; x_wconf 37' lang='grc' dir='ltr'><strong>ξὲῗῖιὴῖξῗέἒεὲῢῃῃὲᾚῶᾚῗ</strong></span> <span class='ocrx_word' id='word_1_342' title='bbox 678 3741 746 3866; x_wconf 48' lang='lat' dir='ltr'><strong>dag)</strong></span> <span class='ocrx_word' id='word_1_343' title='bbox 759 3740 958 3866; x_wconf 49' lang='lat' dir='ltr'><strong>dipgsiertantum</strong></span> <span class='ocrx_word' id='word_1_344' title='bbox 985 3742 1061 3810; x_wconf 89' lang='lat' dir='ltr'><strong>quod</strong></span> <span class='ocrx_word' id='word_1_345' title='bbox 1089 3766 1123 3786; x_wconf 90' lang='lat'><em>=</em></span> <span class='ocrx_word' id='word_1_346' title='bbox 1151 3740 1237 3794; x_wconf 85' lang='lat' dir='ltr'><strong>kaum</strong></span> 
     </span>
    </p>

    <p class='ocr_par' dir='ltr' id='par_1_12' title="bbox 10 3854 1236 4041">
     <span class='ocr_line' id='line_1_41' title="bbox 10 3854 1236 4041; baseline -0.02 -66"><span class='ocrx_word' id='word_1_347' title='bbox 10 3961 19 4017; x_wconf 81' lang='lat'><strong>,</strong></span> <span class='ocrx_word' id='word_1_348' title='bbox 75 3854 347 4040; x_wconf 48' lang='lat' dir='ltr'><strong>{pppinqupn&#39;lrerpp</strong></span> <span class='ocrx_word' id='word_1_349' title='bbox 369 3856 624 4009; x_wconf 46' lang='lat' dir='ltr'><strong>llibASAiiblidliolidri</strong></span> <span class='ocrx_word' id='word_1_350' title='bbox 678 3901 806 4038; x_wconf 37' lang='lat' dir='ltr'><strong>§flzssfl</strong></span> <span class='ocrx_word' id='word_1_351' title='bbox 827 3900 972 4041; x_wconf 51' lang='lat' dir='ltr'><strong>nfflm</strong></span> <span class='ocrx_word' id='word_1_352' title='bbox 987 3900 1170 3967; x_wconf 87' lang='lat' dir='ltr'><strong>Verbindung</strong></span> <span class='ocrx_word' id='word_1_353' title='bbox 1183 3897 1236 3951; x_wconf 82' lang='lat' dir='ltr'><strong>wie</strong></span> 
     </span>
    </p>

    <p class='ocr_par' dir='ltr' id='par_1_13' title="bbox 10 3995 1237 4139">
     <span class='ocr_line' id='line_1_42' title="bbox 10 3995 1237 4139; baseline -0.002 -19"><span class='ocrx_word' id='word_1_354' title='bbox 10 4023 19 4085; x_wconf 47' lang='lat' dir='ltr'><strong>&#39;A</strong></span> <span class='ocrx_word' id='word_1_355' title='bbox 77 3995 146 4121; x_wconf 56' lang='lat' dir='ltr'><strong>&amp;libes</strong></span> <span class='ocrx_word' id='word_1_356' title='bbox 165 3997 624 4138; x_wconf 44' lang='lat' dir='ltr'><strong>dgdhbrbbdichbibhdeffinfflthib</strong></span> <span class='ocrx_word' id='word_1_357' title='bbox 714 4067 749 4139; x_wconf 78' lang='lat'><strong>&#39;⁰)</strong></span> <span class='ocrx_word' id='word_1_358' title='bbox 767 4015 918 4123; x_wconf 85' lang='lat' dir='ltr'><strong>Natiirlicli</strong></span> <span class='ocrx_word' id='word_1_359' title='bbox 943 4066 1016 4121; x_wconf 82' lang='lat' dir='ltr'><strong>mule</strong></span> <span class='ocrx_word' id='word_1_360' title='bbox 1038 4067 1171 4121; x_wconf 87' lang='lat' dir='ltr'><strong>Datames</strong></span> <span class='ocrx_word' id='word_1_361' title='bbox 1194 4063 1237 4118; x_wconf 88' lang='lat' dir='ltr'><strong>in·</strong></span> 
     </span>
    </p>

    <p class='ocr_par' dir='ltr' id='par_1_14' title="bbox 76 4123 1236 4208">
     <span class='ocr_line' id='line_1_43' title="bbox 76 4123 1236 4208; baseline -0.011 -6"><span class='ocrx_word' id='word_1_362' title='bbox 76 4123 114 4202; x_wconf 64' lang='lat' dir='ltr'><strong>Il,</strong></span> <span class='ocrx_word' id='word_1_363' title='bbox 131 4143 155 4193; x_wconf 69' lang='grc' dir='ltr'><strong>ὅ·</strong></span> <span class='ocrx_word' id='word_1_364' title='bbox 678 4139 815 4194; x_wconf 90' lang='lat' dir='ltr'><strong>zwisohen</strong></span> <span class='ocrx_word' id='word_1_365' title='bbox 844 4140 889 4194; x_wconf 93' lang='lat' dir='ltr'><strong>die</strong></span> <span class='ocrx_word' id='word_1_366' title='bbox 918 4139 1049 4208; x_wconf 86' lang='lat' dir='ltr'><strong>Scinigen</strong></span> <span class='ocrx_word' id='word_1_367' title='bbox 1080 4137 1150 4191; x_wconf 76' lang='lat' dir='ltr'><strong>tiber</strong></span> <span class='ocrx_word' id='word_1_368' title='bbox 1182 4135 1236 4190; x_wconf 89' lang='lat' dir='ltr'><strong>den</strong></span> 
     </span>
    </p>

    <p class='ocr_par' dir='ltr' id='par_1_15' title="bbox 108 4205 1236 4294">
     <span class='ocr_line' id='line_1_44' title="bbox 108 4205 1236 4294; baseline -0.005 -29"><span class='ocrx_word' id='word_1_369' title='bbox 108 4205 139 4290; x_wconf 75' lang='lat'><strong>¹⁷)</strong></span> <span class='ocrx_word' id='word_1_370' title='bbox 157 4208 317 4294; x_wconf 40' lang='lat' dir='ltr'><strong>Scheinhar.</strong></span> <span class='ocrx_word' id='word_1_371' title='bbox 334 4210 380 4292; x_wconf 72' lang='lat' dir='ltr'><strong>fiir</strong></span> <span class='ocrx_word' id='word_1_372' title='bbox 399 4211 455 4267; x_wconf 89' lang='lat' dir='ltr'><strong>sed.</strong></span> <span class='ocrx_word' id='word_1_373' title='bbox 492 4209 572 4266; x_wconf 88' lang='lat' dir='ltr'><strong>Dooh</strong></span> <span class='ocrx_word' id='word_1_374' title='bbox 597 4212 625 4265; x_wconf 89' lang='lat' dir='ltr'><strong>et</strong></span> <span class='ocrx_word' id='word_1_375' title='bbox 679 4211 866 4266; x_wconf 83' lang='lat' dir='ltr'><strong>Sachverhalt</strong></span> <span class='ocrx_word' id='word_1_376' title='bbox 896 4211 963 4265; x_wconf 87' lang='lat' dir='ltr'><strong>kurz</strong></span> <span class='ocrx_word' id='word_1_377' title='bbox 991 4207 1151 4278; x_wconf 79' lang='lat' dir='ltr'><strong>ausgelrl&#39;art</strong></span> <span class='ocrx_word' id='word_1_378' title='bbox 1178 4207 1236 4260; x_wconf 91' lang='lat' dir='ltr'><strong>und</strong></span> 
     </span>
    </p>

    <p class='ocr_par' dir='ltr' id='par_1_16' title="bbox 80 4273 1235 4353">
     <span class='ocr_line' id='line_1_45' title="bbox 80 4273 1235 4353; baseline 0.003 -22"><span class='ocrx_word' id='word_1_379' title='bbox 80 4273 247 4337; x_wconf 72' lang='lat' dir='ltr'><strong>ullorum</strong></span> <span class='ocrx_word' id='word_1_380' title='bbox 257 4283 624 4353; x_wconf 84' lang='lat' dir='ltr'><strong>posrtrvesverbumregens</strong></span> <span class='ocrx_word' id='word_1_381' title='bbox 679 4280 851 4352; x_wconf 81' lang='lat' dir='ltr'><strong>demgem&#39;ass</strong></span> <span class='ocrx_word' id='word_1_382' title='bbox 870 4281 970 4337; x_wconf 79' lang='lat' dir='ltr'><strong>Befehl</strong></span> <span class='ocrx_word' id='word_1_383' title='bbox 988 4280 1114 4350; x_wconf 83' lang='lat' dir='ltr'><strong>gegeben</strong></span> <span class='ocrx_word' id='word_1_384' title='bbox 1134 4279 1235 4334; x_wconf 89' lang='lat' dir='ltr'><strong>haben.</strong></span> 
     </span>
    </p>
   </div>
   <div class='ocr_carea' id='block_1_5' title="bbox 0 0 1410 4786">
    <p class='ocr_par' dir='ltr' id='par_1_17' title="bbox 0 0 1410 4786">
     <span class='ocr_line' id='line_1_46' title="bbox 0 0 1410 4786; baseline 0 1"><span class='ocrx_word' id='word_1_385' title='bbox 0 0 1410 4786; x_wconf 95' lang='lat' dir='ltr'><strong> </strong></span> 
     </span>
    </p>
   </div>
  </div>
 </body>
</html>
